id,price,amount,sell,date
183601815,7349.6,0.004568,False,2018-02-02 02:00:08
183601825,7354.68045,0.01,True,2018-02-02 02:00:09
183601823,7354.68045,0.004568,True,2018-02-02 02:00:09
183601833,7354.6,0.10239467,False,2018-02-02 02:00:10
183601904,7343.4075,0.08657999999999999,False,2018-02-02 02:00:26
183601906,7343.80725,0.20492,False,2018-02-02 02:00:26
183602055,7356.0,0.3,False,2018-02-02 02:00:38
183602057,7357.9,0.08800745,False,2018-02-02 02:00:38
183602052,7355.8,0.1,False,2018-02-02 02:00:38
183602064,7343.16765,0.08800745,False,2018-02-02 02:00:39
183602333,7352.28195,0.002,True,2018-02-02 02:01:15
183602610,7351.32020012,0.3,True,2018-02-02 02:01:55
183602612,7351.32020012,0.3,True,2018-02-02 02:01:55
183602618,7348.32170106,0.3,True,2018-02-02 02:01:55
183602629,7339.32620388,0.3,True,2018-02-02 02:01:55
183602624,7344.32370231,0.3,True,2018-02-02 02:01:55
183602627,7339.82595372,0.1,True,2018-02-02 02:01:55
183602676,7338.854490000001,0.0048853,True,2018-02-02 02:02:00
183602733,7338.9344,0.07,False,2018-02-02 02:02:07
183602739,7340.37278,0.20257907,False,2018-02-02 02:02:07
183602735,7339.653590000001,0.4,False,2018-02-02 02:02:07
183602731,7338.9344,0.02128686,False,2018-02-02 02:02:07
183602737,7339.653590000001,0.6,False,2018-02-02 02:02:07
183602772,7361.9,0.59991199,False,2018-02-02 02:02:11
183602835,7339.9,0.17195274,True,2018-02-02 02:02:19
183602844,7339.9,0.42,True,2018-02-02 02:02:21
183602895,7339.89332,0.24144869,False,2018-02-02 02:02:36
183603483,7334.7,1.0,True,2018-02-02 02:04:31
183604043,7311.765,0.59195274,True,2018-02-02 02:05:02
183604261,7300.0,0.01,True,2018-02-02 02:05:15
183604272,7297.7,0.1,True,2018-02-02 02:05:16
183604431,7296.5821,0.01519059,False,2018-02-02 02:05:24
183604435,7292.1,0.5,True,2018-02-02 02:05:24
183606831,7271.81,0.01283274,True,2018-02-02 02:07:10
183607192,7271.81,0.6,True,2018-02-02 02:07:36
183607716,7251.9,0.01,True,2018-02-02 02:08:05
183607743,7251.9,0.0107854,True,2018-02-02 02:08:05
183607860,7251.5,0.13526315,True,2018-02-02 02:08:10
183607846,7251.4,0.28830171,True,2018-02-02 02:08:10
183607841,7251.4,0.07630981,True,2018-02-02 02:08:10
183607843,7251.4,0.07933993,True,2018-02-02 02:08:10
183608191,7249.0,0.4,False,2018-02-02 02:08:41
183608405,7268.5,0.1,False,2018-02-02 02:08:48
183608407,7269.0,0.3,False,2018-02-02 02:08:49
183608734,7279.8,0.1,False,2018-02-02 02:09:01
183608736,7280.0,0.29626701,False,2018-02-02 02:09:01
183608846,7290.0,0.6,False,2018-02-02 02:09:04
183608902,7287.7919999999995,0.060039999999999996,True,2018-02-02 02:09:06
183608985,7295.0,0.3,False,2018-02-02 02:09:09
183608994,7298.0,0.3,False,2018-02-02 02:09:09
183610102,7251.2,0.6,True,2018-02-02 02:10:11
183610141,7250.2343,0.00200401,False,2018-02-02 02:10:22
183610415,7238.0,0.1,True,2018-02-02 02:10:28
183610413,7238.0,0.1281655,True,2018-02-02 02:10:28
183610538,7242.0,0.01,True,2018-02-02 02:10:34
183610911,7238.0,0.07183450000000001,True,2018-02-02 02:10:50
183611021,7237.0,0.09051803,True,2018-02-02 02:10:55
183611023,7237.0,0.01001,True,2018-02-02 02:10:55
183611319,7241.2,0.9,True,2018-02-02 02:11:17
183611292,7241.2,0.1,True,2018-02-02 02:11:17
183611721,7249.0,0.15451822,True,2018-02-02 02:11:31
183611717,7253.0,0.4,True,2018-02-02 02:11:31
183611792,7249.0,0.04048092,True,2018-02-02 02:11:34
183611802,7249.0,0.06387040000000001,True,2018-02-02 02:11:35
183611799,7249.0,0.04113046,True,2018-02-02 02:11:35
183612006,7253.0,0.01369416,True,2018-02-02 02:11:45
183612011,7253.0,0.05421,True,2018-02-02 02:11:46
183612033,7253.0,0.33209584,True,2018-02-02 02:11:48
183612050,7249.0,0.29710802,True,2018-02-02 02:11:50
183612056,7249.0,0.01006978,True,2018-02-02 02:11:50
183612061,7249.0,0.00416407,True,2018-02-02 02:11:51
183612101,7249.0,0.03914774,True,2018-02-02 02:11:52
183612271,7248.0,0.4,True,2018-02-02 02:12:15
183612509,7244.40087,1.0,False,2018-02-02 02:12:26
183612563,7243.12231,0.01084665,False,2018-02-02 02:12:33
183612559,7242.40312,0.2,False,2018-02-02 02:12:33
183612557,7242.2433,0.08824,False,2018-02-02 02:12:33
183612549,7241.9236599999995,0.4,False,2018-02-02 02:12:33
183612555,7242.2433,0.2,False,2018-02-02 02:12:33
183612561,7242.962490000001,0.004,False,2018-02-02 02:12:33
183612551,7242.163390000001,0.03,False,2018-02-02 02:12:33
183612553,7242.2433,0.06691335,False,2018-02-02 02:12:33
183612591,7243.12231,0.58915335,False,2018-02-02 02:12:35
183612583,7241.4442,0.14815,False,2018-02-02 02:12:35
183612589,7242.2433,0.2,False,2018-02-02 02:12:35
183612593,7244.8004200000005,0.4,False,2018-02-02 02:12:35
183612587,7242.2433,0.08824,False,2018-02-02 02:12:35
183612585,7241.9236599999995,0.6,False,2018-02-02 02:12:35
183612595,7245.4397,0.04403532,False,2018-02-02 02:12:35
183613454,7240.0,0.36534825,False,2018-02-02 02:13:48
183614116,7231.855,0.01361965,True,2018-02-02 02:14:32
183614627,7212.0,0.3,True,2018-02-02 02:15:10
183614620,7215.8,1.0,True,2018-02-02 02:15:10
183614759,7211.9,0.08434,True,2018-02-02 02:15:13
183614754,7211.8775,0.08702197,False,2018-02-02 02:15:13
183615212,7206.92308,1.0,False,2018-02-02 02:15:34
183615469,7211.957409999999,0.06928511,False,2018-02-02 02:15:45
183615710,7210.2,0.51974505,True,2018-02-02 02:16:04
183615793,7210.2,0.01012661,True,2018-02-02 02:16:07
183616007,7224.0,0.1,False,2018-02-02 02:16:19
183616058,7204.0,0.3,True,2018-02-02 02:16:20
183616399,7219.8685,0.08216419999999999,True,2018-02-02 02:16:49
183616666,7228.0,0.4,False,2018-02-02 02:17:09
183616662,7227.5,0.58638035,False,2018-02-02 02:17:09
183616738,7232.0,0.4,False,2018-02-02 02:17:11
183616857,7236.0,0.4,False,2018-02-02 02:17:15
183618058,7245.6,0.56680533,True,2018-02-02 02:18:08
183618057,7245.599520000001,0.03319467,False,2018-02-02 02:18:08
183618071,7232.0,0.4,True,2018-02-02 02:18:08
183618313,7239.846,0.01259,False,2018-02-02 02:18:17
183618420,7232.0,0.3,True,2018-02-02 02:18:29
183618453,7229.9,0.1,True,2018-02-02 02:18:31
183618485,7229.0,0.1,True,2018-02-02 02:18:33
183618514,7229.0,0.041589,True,2018-02-02 02:18:34
183618539,7229.0,0.13416633,True,2018-02-02 02:18:35
183618535,7229.0,0.02424467,True,2018-02-02 02:18:35
183618550,7225.0,0.19699999999999998,True,2018-02-02 02:18:36
183618558,7225.0,0.06799241,True,2018-02-02 02:18:37
183618587,7225.0,0.13500759,True,2018-02-02 02:18:38
183619636,7226.0,0.14225517,True,2018-02-02 02:20:08
183619675,7226.0,0.25774483,True,2018-02-02 02:20:10
183619697,7223.9,0.64708864,True,2018-02-02 02:20:11
183619694,7223.9,0.23644981,True,2018-02-02 02:20:11
183619719,7223.9,0.11646155,True,2018-02-02 02:20:12
183620023,7222.5,0.1,True,2018-02-02 02:20:39
183620121,7232.0,0.4,False,2018-02-02 02:20:45
183620111,7230.2,0.59996681,False,2018-02-02 02:20:45
183620139,7217.1,0.09,True,2018-02-02 02:20:46
183620178,7217.1,0.51,True,2018-02-02 02:20:50
183620578,7210.0,0.1,True,2018-02-02 02:21:21
183621691,7241.0,0.02,True,2018-02-02 02:23:03
183621698,7241.0,0.04002,True,2018-02-02 02:23:03
183621705,7241.0,0.19998,True,2018-02-02 02:23:03
183621741,7236.9,0.7,True,2018-02-02 02:23:06
183622045,7222.1,0.33392972,True,2018-02-02 02:23:34
183623167,7203.966409999999,1.0,False,2018-02-02 02:25:09
183623343,7202.2883,0.01824981,False,2018-02-02 02:25:13
183623466,7200.0,0.01,True,2018-02-02 02:25:18
183623811,7196.374959999999,0.0098,False,2018-02-02 02:25:30
183623809,7196.374959999999,0.004,False,2018-02-02 02:25:30
183624264,7192.5,0.51253951,False,2018-02-02 02:25:41
183624382,7175.0,0.1,True,2018-02-02 02:25:52
183624330,7179.593859999999,0.0089,True,2018-02-02 02:25:52
183625672,7152.58428,0.00801603,False,2018-02-02 02:26:26
183625718,7152.66419,0.002,False,2018-02-02 02:26:27
183625764,7150.0,0.05,True,2018-02-02 02:26:28
183625772,7146.7,1.145,True,2018-02-02 02:26:28
183626049,7144.9,0.005338,True,2018-02-02 02:26:43
183626051,7144.9,0.37,True,2018-02-02 02:26:43
183626053,7144.9,0.13720151,True,2018-02-02 02:26:43
183626716,7147.0,0.4,False,2018-02-02 02:27:16
183626712,7146.0,0.4,False,2018-02-02 02:27:16
183626731,7158.1,0.6,False,2018-02-02 02:27:16
183626724,7155.0,0.4,False,2018-02-02 02:27:16
183626718,7150.0,0.3,False,2018-02-02 02:27:16
183626729,7158.0,0.3,False,2018-02-02 02:27:16
183626819,7145.7,0.29168438,True,2018-02-02 02:27:18
183626822,7145.7,0.17673599999999998,True,2018-02-02 02:27:18
183626933,7148.7486,0.6,True,2018-02-02 02:27:22
183626937,7145.5522,1.0,True,2018-02-02 02:27:22
183626935,7145.5522,0.6,True,2018-02-02 02:27:22
183626923,7156.020409999999,1.9922,True,2018-02-02 02:27:22
183626951,7156.020409999999,0.03626376,True,2018-02-02 02:27:22
183626941,7144.7531,11.53420353,True,2018-02-02 02:27:22
183626927,7149.787429999999,0.004,True,2018-02-02 02:27:22
183626929,7149.62761,0.5,True,2018-02-02 02:27:22
183626925,7155.9405,0.3,True,2018-02-02 02:27:22
183626931,7149.5477,0.6,True,2018-02-02 02:27:22
183626939,7144.833009999999,1.022242,True,2018-02-02 02:27:22
183626953,7156.020409999999,0.03924754,True,2018-02-02 02:27:22
183626965,7145.6,0.5725,False,2018-02-02 02:27:23
183626954,7150.0,0.13157962,True,2018-02-02 02:27:23
183626962,7144.833009999999,0.36540908,True,2018-02-02 02:27:23
183627061,7158.0,0.3,False,2018-02-02 02:27:35
183627102,7157.6186099999995,0.01999,True,2018-02-02 02:27:35
183627095,7163.0,0.4,False,2018-02-02 02:27:35
183627059,7154.0,0.3,False,2018-02-02 02:27:35
183627180,7167.0,0.23236534,False,2018-02-02 02:27:36
183627315,7171.0,0.3,False,2018-02-02 02:27:39
183627312,7167.0,0.16763466,False,2018-02-02 02:27:39
183627477,7177.3,0.6,False,2018-02-02 02:27:41
183627863,7182.7,0.6,True,2018-02-02 02:27:49
183628227,7204.0,0.3,False,2018-02-02 02:27:59
183628233,7208.0,0.3,False,2018-02-02 02:27:59
183628219,7200.0,0.3,False,2018-02-02 02:27:59
183628239,7210.0,0.6,False,2018-02-02 02:27:59
183628284,7194.4,0.0323,True,2018-02-02 02:28:01
183628458,7213.0,0.3,False,2018-02-02 02:28:06
183628463,7217.0,0.3,False,2018-02-02 02:28:06
183628730,7204.0,0.02021283,True,2018-02-02 02:28:23
183628713,7204.0,0.1,True,2018-02-02 02:28:23
183628874,7206.5,0.04651839,True,2018-02-02 02:28:26
183628870,7206.5,0.39848755,True,2018-02-02 02:28:26
183629296,7215.0,0.3,True,2018-02-02 02:28:44
183629370,7223.0,0.59751877,False,2018-02-02 02:28:47
183629408,7217.8,0.1,True,2018-02-02 02:28:49
183629589,7251.0,0.3,False,2018-02-02 02:28:54
183629578,7242.0,0.2,False,2018-02-02 02:28:54
183629583,7246.0,0.3,False,2018-02-02 02:28:54
183629652,7215.8730000000005,0.5,False,2018-02-02 02:28:57
183629896,7220.0,0.1,True,2018-02-02 02:29:17
183629860,7220.90733,0.297,False,2018-02-02 02:29:17
183629933,7220.0,0.00053964,True,2018-02-02 02:29:17
183629959,7220.0,0.06288875,True,2018-02-02 02:29:19
183629966,7220.0,0.03657161,True,2018-02-02 02:29:19
183630050,7214.0,0.002,True,2018-02-02 02:29:24
183630056,7214.0,0.002,True,2018-02-02 02:29:25
183630052,7214.0,0.092,True,2018-02-02 02:29:25
183630058,7214.0,0.20199999999999999,True,2018-02-02 02:29:25
183630054,7214.0,0.002,True,2018-02-02 02:29:25
183630166,7209.0,0.3,True,2018-02-02 02:29:30
183630212,7204.0,0.07785427,True,2018-02-02 02:29:31
183630216,7204.0,0.02779103,True,2018-02-02 02:29:31
183630294,7204.0,0.00192146,True,2018-02-02 02:29:35
183630282,7204.0,0.09043324,True,2018-02-02 02:29:35
183630289,7204.0,0.002,True,2018-02-02 02:29:35
183630311,7200.0,0.3,True,2018-02-02 02:29:36
183630315,7195.0,0.1,True,2018-02-02 02:29:36
183630318,7194.0,0.3,True,2018-02-02 02:29:36
183630541,7188.0,0.2,True,2018-02-02 02:29:44
183630533,7188.0,0.1,True,2018-02-02 02:29:44
183630602,7182.0,0.16825166,True,2018-02-02 02:29:46
183630610,7182.0,0.03174834,True,2018-02-02 02:29:47
183630606,7182.0,0.1,True,2018-02-02 02:29:47
183630772,7176.0,0.24818539,True,2018-02-02 02:29:50
183630742,7176.0,0.05181461,True,2018-02-02 02:29:50
183631158,7167.7,0.1,True,2018-02-02 02:30:10
183631953,7175.918000000001,0.004,True,2018-02-02 02:30:35
183631932,7165.5297,0.0194,True,2018-02-02 02:30:35
183631930,7165.5297,0.003,True,2018-02-02 02:30:35
183632579,7201.0,0.3,False,2018-02-02 02:31:04
183632826,7206.0,0.3,False,2018-02-02 02:31:12
183632829,7213.0,0.4,False,2018-02-02 02:31:12
183633234,7193.3,0.1,True,2018-02-02 02:31:25
183634908,7179.670401800001,0.014677899999999999,True,2018-02-02 02:32:48
183636539,7172.4740198,5.05,False,2018-02-02 02:34:07
183636543,7172.4740198,0.004,False,2018-02-02 02:34:07
183636535,7172.4740198,0.72696465,False,2018-02-02 02:34:07
183636531,7172.4740198,0.4,False,2018-02-02 02:34:07
183636541,7172.4740198,0.2,False,2018-02-02 02:34:07
183636545,7172.4740198,0.00285666,False,2018-02-02 02:34:07
183636549,7173.193658,0.07807869,False,2018-02-02 02:34:07
183636533,7172.4740198,1.2953,False,2018-02-02 02:34:07
183636537,7172.4740198,1.0,False,2018-02-02 02:34:07
183636547,7172.4740198,2.49,False,2018-02-02 02:34:07
183636809,7170.5549846,2.4023,False,2018-02-02 02:34:20
183636807,7170.4750248,0.5,False,2018-02-02 02:34:20
183636873,7170.7,2.47,True,2018-02-02 02:34:34
183636877,7170.7,0.011170000000000001,True,2018-02-02 02:34:34
183636875,7170.7,0.01980495,True,2018-02-02 02:34:34
183636905,7170.7,0.3,True,2018-02-02 02:34:35
183636929,7170.7,0.14675,True,2018-02-02 02:34:36
183636926,7170.7,0.00509906,True,2018-02-02 02:34:36
183636935,7170.7,0.03543996,True,2018-02-02 02:34:36
183636933,7170.7,0.00806715,True,2018-02-02 02:34:36
183637065,7183.188633,1.7,False,2018-02-02 02:34:43
183637059,7178.8708038,0.01451127,False,2018-02-02 02:34:43
183637061,7179.590442000001,0.05855,False,2018-02-02 02:34:43
183637069,7184.308070199999,0.0857,False,2018-02-02 02:34:43
183637071,7185.027708399999,0.53783873,False,2018-02-02 02:34:43
183637067,7183.588432,0.1,False,2018-02-02 02:34:43
183637063,7181.189638,0.1179,False,2018-02-02 02:34:43
183637181,7184.8,0.5995,False,2018-02-02 02:34:51
183637270,7177.991246,0.1298,False,2018-02-02 02:35:01
183637272,7177.991246,0.00338976,False,2018-02-02 02:35:01
183637274,7177.991246,0.45081024,False,2018-02-02 02:35:01
183637268,7177.991246,0.016,False,2018-02-02 02:35:01
183637342,7187.0,0.7522300000000001,False,2018-02-02 02:35:09
183637475,7177.191648,0.09162000000000001,False,2018-02-02 02:35:20
183637479,7177.991246,0.13575,False,2018-02-02 02:35:20
183637477,7177.991246,0.2,False,2018-02-02 02:35:20
183637481,7178.710884199999,1.70823,False,2018-02-02 02:35:20
183639485,7150.0,0.19741585,False,2018-02-02 02:37:33
183639514,7150.0,0.09258415,False,2018-02-02 02:37:33
183639438,7150.0,0.01,False,2018-02-02 02:37:33
183639593,7150.0,0.08377989,False,2018-02-02 02:37:35
183639581,7150.0,0.31622011,False,2018-02-02 02:37:35
183639756,7152.0,0.3,False,2018-02-02 02:37:45
183639855,7154.8,1.0,False,2018-02-02 02:37:50
183639908,7155.3626226000015,0.04115312,True,2018-02-02 02:37:52
183639912,7156.0,0.3,False,2018-02-02 02:37:52
183639964,7161.0,0.07,False,2018-02-02 02:37:54
183639974,7162.0,0.3,False,2018-02-02 02:37:54
183639956,7161.0,0.1,False,2018-02-02 02:37:54
183639968,7161.0,3.1956,False,2018-02-02 02:37:54
183639981,7163.2,0.1,False,2018-02-02 02:37:54
183639984,7163.9,1.0,False,2018-02-02 02:37:54
183639948,7156.0822608,0.04125604,True,2018-02-02 02:37:54
183640004,7150.005316,0.003,True,2018-02-02 02:37:55
183640000,7150.005316,2.97226813,True,2018-02-02 02:37:55
183639992,7156.8818588,0.4,True,2018-02-02 02:37:55
183639990,7156.8818588,0.6,True,2018-02-02 02:37:55
183640006,7149.2856778,5.53175439,True,2018-02-02 02:37:55
183639994,7156.8818588,0.4,True,2018-02-02 02:37:55
183640002,7150.005316,2.0,True,2018-02-02 02:37:55
183640010,7149.2856778,3.98704722,True,2018-02-02 02:37:55
183639998,7150.0852758,0.5,True,2018-02-02 02:37:55
183639996,7156.0822608,0.54683329,True,2018-02-02 02:37:55
183640008,7149.2856778,0.004,True,2018-02-02 02:37:55
183640121,7159.0,0.04500038,False,2018-02-02 02:37:59
183640163,7159.0,2.58829962,False,2018-02-02 02:38:03
183640370,7171.0,1.71336691,False,2018-02-02 02:38:14
183640413,7175.0,0.1,False,2018-02-02 02:38:17
183640419,7177.3,0.15278199,False,2018-02-02 02:38:28
183640555,7176.6,0.1,False,2018-02-02 02:38:29
183640600,7176.6,0.1,False,2018-02-02 02:38:30
183640868,7176.3,0.006147,False,2018-02-02 02:38:46
183640930,7180.2,0.44661801,False,2018-02-02 02:38:49
183640925,7178.0,0.035427,False,2018-02-02 02:38:49
183641276,7192.3,0.2,False,2018-02-02 02:39:11
183641291,7197.8,0.5,False,2018-02-02 02:39:11
183641269,7188.3,0.1,False,2018-02-02 02:39:11
183641394,7186.8,0.054000000000000006,True,2018-02-02 02:39:15
183641598,7212.3,0.054000000000000006,False,2018-02-02 02:39:30
183641661,7195.0,0.6,True,2018-02-02 02:39:32
183641895,7206.0,0.17013471,False,2018-02-02 02:39:43
183642223,7206.0,0.01957958,True,2018-02-02 02:40:06
183642221,7206.0,0.1,True,2018-02-02 02:40:06
183642242,7206.0,0.08042042,True,2018-02-02 02:40:08
183642240,7206.0,0.1,True,2018-02-02 02:40:08
183642379,7207.0,0.06,True,2018-02-02 02:40:31
183642399,7207.0,0.06,True,2018-02-02 02:40:32
183642459,7207.0,0.18,True,2018-02-02 02:40:35
183642585,7193.2,0.1,True,2018-02-02 02:40:44
183642581,7196.0,0.3,True,2018-02-02 02:40:44
183642613,7198.780793999999,0.27699999999999997,False,2018-02-02 02:40:45
183642607,7198.6208744000005,0.5,False,2018-02-02 02:40:45
183642609,7198.700834199999,1.4961,False,2018-02-02 02:40:45
183642615,7200.4599498,1.2773,False,2018-02-02 02:40:45
183642611,7198.700834199999,0.71,False,2018-02-02 02:40:45
183642605,7197.981196,1.0,False,2018-02-02 02:40:45
183642873,7173.5,0.12127116,True,2018-02-02 02:40:55
183642841,7170.0,0.3,True,2018-02-02 02:40:55
183642870,7182.1,0.1,True,2018-02-02 02:40:55
183642832,7176.0,0.3,True,2018-02-02 02:40:55
183642829,7176.7,0.2,True,2018-02-02 02:40:55
183642843,7168.8,1.0,True,2018-02-02 02:40:55
183642818,7186.5,0.1,True,2018-02-02 02:40:55
183642853,7163.0,0.3,True,2018-02-02 02:40:55
183642822,7182.0,0.3,True,2018-02-02 02:40:55
183642900,7171.434542399999,0.1,False,2018-02-02 02:40:56
183643118,7157.0,0.3,True,2018-02-02 02:41:04
183643167,7165.197678,0.016,False,2018-02-02 02:41:06
183643165,7164.4780398,0.80991632,False,2018-02-02 02:41:06
183643182,7167.0,0.10055900000000001,True,2018-02-02 02:41:07
183643231,7167.0,0.93188448,True,2018-02-02 02:41:09
183643233,7167.0,0.0526,True,2018-02-02 02:41:09
183643245,7167.0,0.0736488,True,2018-02-02 02:41:10
183643243,7167.0,0.01605935,True,2018-02-02 02:41:10
183643247,7167.0,1.31479846,True,2018-02-02 02:41:10
183643237,7167.0,0.03380027,True,2018-02-02 02:41:10
183645255,7156.482059800001,0.01456,False,2018-02-02 02:43:43
183645353,7173.2,0.6,False,2018-02-02 02:43:53
183645356,7174.0,0.3,False,2018-02-02 02:43:53
183645350,7169.5,0.1,False,2018-02-02 02:43:53
183645465,7162.9,0.16026672,True,2018-02-02 02:44:01
183645464,7162.798884000001,0.0413,False,2018-02-02 02:44:01
183645535,7165.277637800001,0.39847458,False,2018-02-02 02:44:15
183645648,7177.191648,0.6,True,2018-02-02 02:44:27
183645659,7177.0,0.27,False,2018-02-02 02:44:29
183646737,7149.2856778,0.0247,False,2018-02-02 02:46:40
183647032,7149.205718000001,0.59960153,True,2018-02-02 02:46:59
183647338,7149.205718000001,0.6,True,2018-02-02 02:47:15
183647561,7149.205718000001,0.6,True,2018-02-02 02:47:20
183647661,7149.205718000001,0.5604,True,2018-02-02 02:47:26
183647757,7149.205718000001,0.4,True,2018-02-02 02:47:31
183647893,7149.205718000001,0.3751,True,2018-02-02 02:47:39
183647913,7149.205718000001,0.05,True,2018-02-02 02:47:40
183648032,7149.205718000001,0.4,True,2018-02-02 02:47:46
183648135,7150.0,0.04323666,False,2018-02-02 02:47:52
183648133,7150.0,0.35676334,False,2018-02-02 02:47:52
183648161,7149.2856778,0.01821032,False,2018-02-02 02:47:53
183648163,7149.2856778,0.58178968,False,2018-02-02 02:47:53
183648189,7149.205718000001,0.01022188,True,2018-02-02 02:47:54
183648532,7164.1,0.1,False,2018-02-02 02:48:19
183648535,7165.0,1.26861,False,2018-02-02 02:48:19
183648609,7165.0,0.30378,False,2018-02-02 02:48:22
183648655,7165.0,1.9051099999999999,False,2018-02-02 02:48:24
183649133,7181.0,0.1,False,2018-02-02 02:48:47
183649190,7181.0,0.69975452,False,2018-02-02 02:48:51
183649245,7181.0,0.19584567,False,2018-02-02 02:48:53
183649623,7164.0,0.05,True,2018-02-02 02:49:17
183649621,7164.0,0.002,True,2018-02-02 02:49:17
183649645,7164.0,0.024801,True,2018-02-02 02:49:18
183649657,7164.0,0.14324669,True,2018-02-02 02:49:18
183649655,7164.0,0.002,True,2018-02-02 02:49:18
183649659,7164.0,0.05981221,True,2018-02-02 02:49:18
183649642,7164.0,0.002,True,2018-02-02 02:49:18
183649653,7164.0,0.0161401,True,2018-02-02 02:49:18
183650626,7161.0,0.21417326,False,2018-02-02 02:50:26
183651088,7155.0,0.3,True,2018-02-02 02:51:05
183651086,7155.0,0.2,True,2018-02-02 02:51:05
183651195,7150.804914,0.05741,False,2018-02-02 02:51:16
183651199,7150.964833600001,0.04246556,False,2018-02-02 02:51:16
183651197,7150.884873800001,0.03,False,2018-02-02 02:51:16
183652646,7149.205718000001,0.33,True,2018-02-02 02:52:44
183653048,7149.205718000001,7.0,True,2018-02-02 02:53:07
183653266,7149.205718000001,7.0,True,2018-02-02 02:53:20
183653469,7149.2856778,0.63369,False,2018-02-02 02:53:27
183653471,7149.2856778,1.3663100000000001,False,2018-02-02 02:53:27
183653707,7142.1,0.1,True,2018-02-02 02:53:41
183653846,7140.5700596,0.07,False,2018-02-02 02:53:44
183654595,7134.013356,0.5994,True,2018-02-02 02:54:08
183654620,7133.8,0.2,True,2018-02-02 02:54:09
183654622,7133.3,0.2,True,2018-02-02 02:54:09
183654885,7118.3,0.02513932,True,2018-02-02 02:54:13
183654873,7120.420190000001,0.025,True,2018-02-02 02:54:13
183654879,7119.620592,1.36095758,True,2018-02-02 02:54:13
183654871,7120.420190000001,0.01,True,2018-02-02 02:54:13
183654922,7124.1783006,0.0117,False,2018-02-02 02:54:13
183654926,7123.618581999999,0.0203,False,2018-02-02 02:54:13
183654867,7121.3797076,0.79308089,True,2018-02-02 02:54:13
183654875,7120.020391,0.00696153,True,2018-02-02 02:54:13
183654869,7121.219787999999,0.01,True,2018-02-02 02:54:13
183654877,7119.7805116,0.004,True,2018-02-02 02:54:13
183654972,7117.4,0.15824642,True,2018-02-02 02:54:14
183654964,7117.4,0.2,True,2018-02-02 02:54:14
183654966,7117.4,0.1,True,2018-02-02 02:54:14
183655905,7116.4222,0.05,True,2018-02-02 02:54:34
183656276,7116.4222,1.0,True,2018-02-02 02:54:50
183656443,7116.4222,0.05,True,2018-02-02 02:54:55
183656568,7116.4222,1.0,True,2018-02-02 02:55:01
183656744,7116.4222,1.0,True,2018-02-02 02:55:05
183656862,7116.5,0.6,False,2018-02-02 02:55:09
183656913,7116.5,0.01064098,False,2018-02-02 02:55:10
183656900,7116.5,0.04058437,False,2018-02-02 02:55:10
183656898,7116.5,0.00334979,False,2018-02-02 02:55:10
183656925,7116.5,0.34542486,False,2018-02-02 02:55:11
183657104,7116.4222,0.05,True,2018-02-02 02:55:17
183657212,7116.4222,2.19620002,True,2018-02-02 02:55:20
183657509,7118.0,0.1173343,False,2018-02-02 02:55:41
183657532,7122.0,1.0,False,2018-02-02 02:55:41
183657505,7118.0,0.18266570000000001,False,2018-02-02 02:55:41
183657536,7124.0,0.3,False,2018-02-02 02:55:41
183657601,7129.0,0.3,False,2018-02-02 02:55:42
183657681,7148.0,0.3,False,2018-02-02 02:55:42
183657619,7135.0,0.3,False,2018-02-02 02:55:42
183657642,7142.0,0.3,False,2018-02-02 02:55:42
183657673,7142.5,0.1,False,2018-02-02 02:55:42
183657677,7147.4,1.0,False,2018-02-02 02:55:42
183657693,7133.4,0.45824642,False,2018-02-02 02:55:42
183657927,7147.0,0.0419,True,2018-02-02 02:55:46
183658078,7141.2896978,0.6,False,2018-02-02 02:55:50
183658877,7164.0,0.2,False,2018-02-02 02:56:35
183658905,7153.203708,0.05,True,2018-02-02 02:56:36
183658916,7163.7,0.02374617,False,2018-02-02 02:56:36
183658960,7163.7,0.06138438,False,2018-02-02 02:56:37
183659248,7165.4375574000005,0.05,True,2018-02-02 02:56:48
183659675,7156.4021,0.51426945,True,2018-02-02 02:57:08
183660122,7121.6,0.1,True,2018-02-02 02:57:36
183660245,7116.6,0.1,True,2018-02-02 02:57:43
183660582,7119.4,0.18325978,True,2018-02-02 02:58:01
183660702,7119.3007528,1.0,False,2018-02-02 02:58:09
183660761,7117.2217980000005,0.02,False,2018-02-02 02:58:11
183660806,7119.220793,1.0,False,2018-02-02 02:58:12
183660853,7119.3,0.1,True,2018-02-02 02:58:24
183660887,7119.3,0.17899856,True,2018-02-02 02:58:24
183660855,7119.3,0.01776166,True,2018-02-02 02:58:24
183661576,7136.0,0.02333955,False,2018-02-02 02:59:05
183661653,7133.0,0.02492762,True,2018-02-02 02:59:10
183661661,7133.0,0.002,True,2018-02-02 02:59:10
183661663,7133.0,0.02,True,2018-02-02 02:59:11
183661670,7133.0,0.002,True,2018-02-02 02:59:11
183661676,7133.0,0.002,True,2018-02-02 02:59:12
183661685,7133.0,0.002,True,2018-02-02 02:59:12
183661688,7133.0,0.107,True,2018-02-02 02:59:12
183661690,7133.0,0.04007238,True,2018-02-02 02:59:12
183661716,7130.015366,1.3,True,2018-02-02 02:59:14
183661895,7121.0,0.3,True,2018-02-02 02:59:32
183661988,7120.420190000001,0.38480969,True,2018-02-02 02:59:39
183661986,7120.500149799999,0.22,True,2018-02-02 02:59:39
183662109,7125.1378182,0.0107,False,2018-02-02 02:59:46
183663831,7116.4222,0.00259385,True,2018-02-02 03:01:39
183666356,7108.42622,0.040733,True,2018-02-02 03:02:36
183666684,7108.42622,0.038749,True,2018-02-02 03:02:46
183666705,7108.42622,0.015775,True,2018-02-02 03:02:47
183667408,7109.945456199999,0.015775,True,2018-02-02 03:03:18
183667405,7109.945456199999,0.13339700000000002,True,2018-02-02 03:03:18
183667516,7109.0,0.3,True,2018-02-02 03:03:23
183667727,7108.42622,0.60992469,True,2018-02-02 03:03:32
183671687,7107.466702399999,0.188141,True,2018-02-02 03:06:30
183671719,7107.466702399999,0.5,True,2018-02-02 03:06:32
183672035,7107.466702399999,0.0017632000000000001,True,2018-02-02 03:06:44
183673080,7107.466702399999,0.033326999999999996,True,2018-02-02 03:07:42
183673121,7107.466702399999,0.0072510000000000005,True,2018-02-02 03:07:43
183674551,7107.466702399999,0.2,True,2018-02-02 03:08:39
183674653,7100.0,0.01,True,2018-02-02 03:08:40
183674649,7100.0,0.01,True,2018-02-02 03:08:40
183674651,7100.0,0.014063599999999999,True,2018-02-02 03:08:40
183674885,7088.8,0.0031,True,2018-02-02 03:08:44
183674955,7083.8,0.1,True,2018-02-02 03:08:45
183674982,7077.0,0.1,True,2018-02-02 03:08:45
183674984,7077.0,0.16,True,2018-02-02 03:08:45
183674964,7080.0,7.0,True,2018-02-02 03:08:45
183674943,7087.0,0.04426451,True,2018-02-02 03:08:45
183674978,7077.3,0.2,True,2018-02-02 03:08:45
183675079,7087.5,0.1,False,2018-02-02 03:08:47
183675178,7078.041495999999,0.06533534,True,2018-02-02 03:08:49
183675200,7077.8,0.06027428,False,2018-02-02 03:08:50
183675212,7077.8,0.016880000000000003,False,2018-02-02 03:08:50
183675682,7077.0,0.3,False,2018-02-02 03:09:09
183675660,7076.4423,0.35751038,True,2018-02-02 03:09:09
183676673,7095.0,0.2,False,2018-02-02 03:09:49
183676834,7101.0,0.2,False,2018-02-02 03:09:52
183676838,7106.0,0.2,False,2018-02-02 03:09:52
183676842,7107.6,1.73459416,False,2018-02-02 03:09:52
183676937,7097.1518882,0.41624732,False,2018-02-02 03:09:53
183676939,7097.1518882,0.07920036,False,2018-02-02 03:09:53
183676909,7097.0719284,0.002,True,2018-02-02 03:09:53
183676941,7097.1518882,0.00571742,False,2018-02-02 03:09:53
183676878,7119.0,0.2,False,2018-02-02 03:09:53
183676873,7113.0,0.2,False,2018-02-02 03:09:53
183676943,7097.1518882,0.00452254,False,2018-02-02 03:09:53
183676954,7097.2,0.09431236,True,2018-02-02 03:09:54
183677328,7120.0,0.14620299,False,2018-02-02 03:10:10
183677347,7120.0,1.0,False,2018-02-02 03:10:10
183677323,7120.0,0.01067473,False,2018-02-02 03:10:10
183677334,7120.0,0.1,False,2018-02-02 03:10:10
183677404,7119.9,0.59949431,False,2018-02-02 03:10:10
183677368,7120.0,0.84312228,False,2018-02-02 03:10:10
183678117,7123.6,0.6,True,2018-02-02 03:10:20
183678069,7133.213758,0.09524279,True,2018-02-02 03:10:20
183678135,7132.5740796,0.09526503,True,2018-02-02 03:10:21
183678169,7126.0,0.09504498,False,2018-02-02 03:10:22
183678402,7145.9,0.6,False,2018-02-02 03:10:28
183678922,7177.3,1.52693906,False,2018-02-02 03:10:38
183678920,7176.4,1.16,False,2018-02-02 03:10:38
183679452,7162.8,0.095947,True,2018-02-02 03:10:52
183679739,7180.2,0.095947,False,2018-02-02 03:10:58
183680119,7157.0,0.1,True,2018-02-02 03:11:06
183680129,7149.6,0.17509209,True,2018-02-02 03:11:06
183680115,7164.7,0.6,True,2018-02-02 03:11:06
183680282,7152.0,0.2,True,2018-02-02 03:11:09
183680582,7145.0,0.06490991,True,2018-02-02 03:11:17
183680646,7145.0,0.01443227,True,2018-02-02 03:11:19
183680673,7145.0,0.22065782,True,2018-02-02 03:11:20
183680719,7140.9,0.76346953,True,2018-02-02 03:11:21
183680725,7140.7,0.29238317,True,2018-02-02 03:11:21
183680727,7139.0,0.16561683,True,2018-02-02 03:11:21
183680721,7140.7,0.28761683,True,2018-02-02 03:11:21
183680800,7143.608531999999,0.1175,False,2018-02-02 03:11:22
183680773,7138.8,0.03354308,True,2018-02-02 03:11:22
183680802,7145.287687800001,0.05442645,False,2018-02-02 03:11:22
183680768,7138.9,0.08147308,True,2018-02-02 03:11:22
183680793,7142.2492154,0.58,False,2018-02-02 03:11:22
183680771,7138.9,0.01852692,True,2018-02-02 03:11:22
183680766,7139.0,0.03438317,True,2018-02-02 03:11:22
183680796,7142.2492154,0.057999999999999996,False,2018-02-02 03:11:22
183680798,7143.5285722,0.5,False,2018-02-02 03:11:22
183680919,7145.7,0.1,False,2018-02-02 03:11:26
183681126,7126.0,0.2,True,2018-02-02 03:11:39
183681432,7141.0,0.5,False,2018-02-02 03:11:45
183681558,7147.2,0.1,False,2018-02-02 03:11:50
183681565,7155.8,0.2,False,2018-02-02 03:11:50
183681586,7162.0,0.2,False,2018-02-02 03:11:51
183681589,7162.9,0.5,False,2018-02-02 03:11:51
183681599,7174.0,0.2,False,2018-02-02 03:11:51
183681631,7156.482059800001,0.1,True,2018-02-02 03:11:51
183681593,7168.0,0.2,False,2018-02-02 03:11:51
183682331,7156.482059800001,0.52703195,True,2018-02-02 03:12:13
183682712,7155.602502,0.02800741,True,2018-02-02 03:12:35
183682710,7156.4021,0.01281057,True,2018-02-02 03:12:35
183682721,7155.602502,0.01124725,False,2018-02-02 03:12:35
183683633,7192.0,0.2,False,2018-02-02 03:13:15
183683681,7180.4699998,0.6,False,2018-02-02 03:13:17
183683907,7206.0,0.1,False,2018-02-02 03:13:30
183683843,7200.0,0.1,False,2018-02-02 03:13:30
183683855,7200.0,0.1,False,2018-02-02 03:13:30
183683970,7206.0,0.1,False,2018-02-02 03:13:31
183684145,7205.1,0.02,False,2018-02-02 03:13:33
183684121,7201.979186,0.12382157,True,2018-02-02 03:13:33
183684165,7205.7,0.5794,False,2018-02-02 03:13:34
183686064,7197.181598,0.06361671,True,2018-02-02 03:14:16
183686076,7197.0,0.22531495,False,2018-02-02 03:14:16
183687570,7179.2,0.0561,True,2018-02-02 03:15:08
183687551,7179.0,0.2,True,2018-02-02 03:15:08
183687840,7174.0,0.17604861,True,2018-02-02 03:15:15
183687888,7174.0,0.12395139,True,2018-02-02 03:15:17
183688791,7177.191648,0.1,False,2018-02-02 03:16:04
183688901,7182.788834,0.00488929,False,2018-02-02 03:16:08
183689067,7179.0,0.01391697,True,2018-02-02 03:16:18
183689096,7179.0,0.10557748,True,2018-02-02 03:16:20
183689237,7179.0,0.08050555,True,2018-02-02 03:16:29
183689256,7178.0,0.17876523,True,2018-02-02 03:16:30
183689305,7178.0,0.12123477,True,2018-02-02 03:16:33
183689537,7179.0,0.25299499999999997,True,2018-02-02 03:16:49
183689622,7174.9,0.290905,True,2018-02-02 03:16:55
183690095,7173.0,0.2,True,2018-02-02 03:17:27
183690394,7167.0,0.07093785,True,2018-02-02 03:17:45
183690431,7167.0,0.02240173,True,2018-02-02 03:17:47
183690461,7167.0,0.10666042,True,2018-02-02 03:17:48
183690476,7170.0752258,0.002,False,2018-02-02 03:17:49
183690469,7167.6764318000005,0.1219,False,2018-02-02 03:17:49
183690477,7175.9,0.03263459,True,2018-02-02 03:17:49
183690489,7173.8,0.1,True,2018-02-02 03:17:51
183690485,7175.9,0.08726541,True,2018-02-02 03:17:51
183690486,7175.9,0.1219,True,2018-02-02 03:17:51
183690487,7175.9,0.1219,True,2018-02-02 03:17:51
183690522,7173.8,0.07418125,True,2018-02-02 03:17:52
183690510,7173.8,0.04771875,True,2018-02-02 03:17:52
183690508,7173.8,0.1219,True,2018-02-02 03:17:52
183690506,7173.8,0.0219,True,2018-02-02 03:17:52
183691005,7167.0,0.07163527,True,2018-02-02 03:18:27
183691003,7167.0,0.058478300000000004,True,2018-02-02 03:18:27
183691000,7167.0,0.16988643,True,2018-02-02 03:18:27
183691046,7162.9,0.004,True,2018-02-02 03:18:30
183691077,7161.2,0.10563222,True,2018-02-02 03:18:32
183691095,7162.1,0.04954833,True,2018-02-02 03:18:33
183691227,7161.0,0.3,True,2018-02-02 03:18:47
183691369,7160.0,0.2,True,2018-02-02 03:19:03
183692486,7142.1,0.18341361,True,2018-02-02 03:20:32
183692469,7148.5,0.1,True,2018-02-02 03:20:32
183692484,7142.2,0.17588486,True,2018-02-02 03:20:32
183692628,7149.2,0.1,True,2018-02-02 03:20:34
183692633,7140.6,0.10129649,True,2018-02-02 03:20:34
183692761,7155.0,0.17289059,False,2018-02-02 03:20:39
183692968,7146.9,0.00362163,True,2018-02-02 03:20:52
183693125,7162.9,0.6,False,2018-02-02 03:21:03
183693128,7163.0,0.3,False,2018-02-02 03:21:03
183693135,7165.8,0.1,False,2018-02-02 03:21:03
183693214,7157.4,0.03036,True,2018-02-02 03:21:07
183693216,7157.4,0.01313408,True,2018-02-02 03:21:07
183693218,7157.4,0.55650592,True,2018-02-02 03:21:07
183693457,7163.0,0.96575531,False,2018-02-02 03:21:23
183694012,7148.0,0.2,True,2018-02-02 03:21:58
183694306,7141.209738,0.00623925,False,2018-02-02 03:22:08
183695502,7136.41215,0.6,True,2018-02-02 03:23:13
183695534,7126.0,0.3,True,2018-02-02 03:23:15
183695702,7125.3,0.002,True,2018-02-02 03:23:25
183695711,7125.2,0.002,True,2018-02-02 03:23:26
183695859,7125.3,0.002,True,2018-02-02 03:23:33
183695854,7125.3,0.09884114,True,2018-02-02 03:23:33
183696111,7124.4981398,0.49515886,False,2018-02-02 03:23:53
183696850,7137.1317882,0.0087,True,2018-02-02 03:24:48
183696859,7137.1317882,0.0111,True,2018-02-02 03:24:49
183696871,7137.1317882,0.0199,True,2018-02-02 03:24:49
183696912,7153.5,0.59950484,False,2018-02-02 03:24:51
183697228,7141.4496174,0.0068,True,2018-02-02 03:25:12
183697316,7135.612552,0.0289,True,2018-02-02 03:25:19
183697350,7135.612552,0.0082,True,2018-02-02 03:25:24
183697661,7134.1732756,0.01035183,False,2018-02-02 03:25:46
183697818,7124.5,0.0356,True,2018-02-02 03:25:56
183697825,7124.5,0.00204505,True,2018-02-02 03:25:57
183698077,7124.4981398,0.00621652,False,2018-02-02 03:26:17
183698180,7125.3,0.6,True,2018-02-02 03:26:24
183698240,7124.4,0.006,True,2018-02-02 03:26:29
183698255,7123.778501600001,0.00621087,False,2018-02-02 03:26:31
183698252,7123.778501600001,0.00620824,False,2018-02-02 03:26:31
183698326,7123.8,0.002,True,2018-02-02 03:26:35
183698328,7123.8,0.07707949,True,2018-02-02 03:26:35
183698357,7121.1,0.099998,True,2018-02-02 03:26:37
183698363,7121.1,0.9000020000000001,True,2018-02-02 03:26:37
183698350,7123.6985417999995,0.0566,False,2018-02-02 03:26:37
183698561,7110.9,0.002,True,2018-02-02 03:26:51
183698729,7149.0,0.3,False,2018-02-02 03:26:59
183698737,7160.0,0.3,False,2018-02-02 03:26:59
183698699,7123.4,0.6,False,2018-02-02 03:26:59
183698717,7140.0,0.2,False,2018-02-02 03:26:59
183698732,7155.0,0.2,False,2018-02-02 03:26:59
183698720,7144.0,0.2,False,2018-02-02 03:26:59
183698859,7122.1,0.6,True,2018-02-02 03:27:04
183699146,7124.0,0.19957608,True,2018-02-02 03:27:22
183699148,7124.0,0.00879469,True,2018-02-02 03:27:22
183699152,7124.0,0.06324006,True,2018-02-02 03:27:22
183699189,7124.0,0.002,True,2018-02-02 03:27:23
183699174,7124.0,0.002,True,2018-02-02 03:27:23
183699201,7124.0,0.002,True,2018-02-02 03:27:24
183699209,7124.0,0.02238917,True,2018-02-02 03:27:25
183699244,7119.0,0.002,True,2018-02-02 03:27:28
183699251,7119.0,0.03327481,True,2018-02-02 03:27:29
183699272,7119.0,0.16472519,True,2018-02-02 03:27:29
183699371,7122.8189840000005,0.4,False,2018-02-02 03:27:39
183699436,7118.9009538,0.0106,False,2018-02-02 03:27:46
183699643,7118.0,0.2,True,2018-02-02 03:28:05
183699919,7110.1053758,0.0085,True,2018-02-02 03:28:31
183699926,7110.1053758,0.0222,True,2018-02-02 03:28:32
183700126,7109.225818000001,0.1183,True,2018-02-02 03:28:50
183700250,7103.0,0.2,True,2018-02-02 03:28:58
183700472,7098.831044,0.01,False,2018-02-02 03:29:09
183701579,7077.0,0.05,True,2018-02-02 03:29:55
183701571,7081.1,0.1,True,2018-02-02 03:29:55
183701561,7089.2,0.006,True,2018-02-02 03:29:55
183701584,7085.3178378,0.0591,False,2018-02-02 03:29:56
183702151,7077.0,0.1,False,2018-02-02 03:30:29
183702324,7076.4423,0.02587789,True,2018-02-02 03:30:35
183702474,7077.0,0.2,False,2018-02-02 03:30:56
183702840,7076.522259800001,0.00482238,True,2018-02-02 03:31:07
183703553,7076.4423,0.6,True,2018-02-02 03:31:41
183703828,7064.5808391,0.01,False,2018-02-02 03:31:49
183703967,7061.91731308,0.02079363,True,2018-02-02 03:32:01
183703965,7061.91731308,0.00515771,True,2018-02-02 03:32:01
183704096,7057.7095337,0.55015205,False,2018-02-02 03:32:02
183704034,7061.1,0.1,True,2018-02-02 03:32:02
183704094,7057.7095337,0.04984795,False,2018-02-02 03:32:02
183704125,7057.7095337,0.1,False,2018-02-02 03:32:03
183704379,7050.0,0.01,True,2018-02-02 03:32:12
183704423,7042.0,0.3,True,2018-02-02 03:32:12
183704359,7055.3,0.2,True,2018-02-02 03:32:12
183704381,7050.0,0.05,True,2018-02-02 03:32:12
183704406,7047.0,0.2,True,2018-02-02 03:32:12
183704711,7041.0,1.09323172,True,2018-02-02 03:32:25
183704862,7041.0,0.10949297,True,2018-02-02 03:32:32
183704881,7041.0,0.1,True,2018-02-02 03:32:33
183704875,7041.0,0.1,True,2018-02-02 03:32:33
183705650,7047.0,0.015818600000000002,False,2018-02-02 03:33:06
183705658,7047.0,0.172989,False,2018-02-02 03:33:07
183706353,7062.9,0.5994,False,2018-02-02 03:33:37
183706553,7050.6,0.6,True,2018-02-02 03:33:42
183706696,7042.0,0.2,True,2018-02-02 03:33:43
183707090,7063.1426589,0.002,True,2018-02-02 03:33:58
183707104,7063.861749,0.0024251999999999998,True,2018-02-02 03:33:59
183707190,7066.178817100001,0.01230458,True,2018-02-02 03:34:00
183707195,7066.178817100001,0.03214183,True,2018-02-02 03:34:00
183707441,7069.6,0.026767000000000003,False,2018-02-02 03:34:11
183707774,7058.0,0.030815199999999997,True,2018-02-02 03:34:23
183707811,7058.0,0.0259753,True,2018-02-02 03:34:25
183707849,7058.0,0.24320949999999997,True,2018-02-02 03:34:27
183707856,7052.0,0.2,True,2018-02-02 03:34:28
183707968,7048.0,0.1,True,2018-02-02 03:34:35
183707983,7048.0,1.1964,True,2018-02-02 03:34:36
183707985,7048.0,0.0033,True,2018-02-02 03:34:36
183708739,7039.892079000001,0.00765948,True,2018-02-02 03:35:19
183710062,7033.8,0.2,True,2018-02-02 03:36:36
183710068,7033.3,0.2,True,2018-02-02 03:36:36
183710695,7031.902189,0.6,True,2018-02-02 03:37:20
183711278,7022.0,0.02004567,True,2018-02-02 03:37:41
183711280,7022.0,0.02995433,True,2018-02-02 03:37:41
183711403,7016.0,0.19699999999999998,True,2018-02-02 03:37:44
183711400,7016.3,0.02676335,True,2018-02-02 03:37:44
183711448,7014.324431,0.6,False,2018-02-02 03:37:46
183711687,7023.0,0.1,False,2018-02-02 03:38:08
183711719,7015.12342,0.031,True,2018-02-02 03:38:08
183711683,7023.0,0.08647351,False,2018-02-02 03:38:08
183711764,7017.0,0.1,False,2018-02-02 03:38:09
183711752,7017.0,0.05779732,False,2018-02-02 03:38:09
183711938,7023.0,0.01352649,False,2018-02-02 03:38:15
183712168,7029.3,0.5994,False,2018-02-02 03:38:28
183712930,7031.2,0.02,True,2018-02-02 03:39:13
183713323,7035.1780438999995,0.4,False,2018-02-02 03:39:38
183713325,7035.1780438999995,0.18,False,2018-02-02 03:39:38
183713433,7056.3,0.59942,False,2018-02-02 03:39:47
183713442,7066.0,0.3,False,2018-02-02 03:39:47
183713612,7040.1,0.6,True,2018-02-02 03:39:56
183713615,7040.0,0.3,True,2018-02-02 03:39:56
183713607,7044.0,0.2,True,2018-02-02 03:39:56
183713704,7060.2,0.6,False,2018-02-02 03:40:03
183713751,7041.4,0.018000000000000002,True,2018-02-02 03:40:05
183713807,7044.0,0.19724,True,2018-02-02 03:40:09
183713815,7044.1,0.37245941,True,2018-02-02 03:40:10
183713926,7049.0,0.3,True,2018-02-02 03:40:21
183713923,7052.0,0.3,True,2018-02-02 03:40:21
183714113,7066.2,0.58769941,False,2018-02-02 03:40:32
183714640,7061.0,0.2,True,2018-02-02 03:41:17
183714642,7061.0,0.1,True,2018-02-02 03:41:17
183715134,7040.6,0.0135,True,2018-02-02 03:41:43
183715225,7041.490056999999,0.04023,False,2018-02-02 03:41:47
183715229,7043.6473273,0.09913015,False,2018-02-02 03:41:47
183715227,7043.088035,0.12755,False,2018-02-02 03:41:47
183715238,7042.4,0.3119,True,2018-02-02 03:41:48
183715552,7039.4,0.2746,True,2018-02-02 03:42:12
183716211,7039.4,0.00511208,False,2018-02-02 03:42:54
183716283,7040.0,0.1135,True,2018-02-02 03:43:00
183716452,7038.0,0.3,True,2018-02-02 03:43:23
183716449,7039.0,0.3,True,2018-02-02 03:43:23
183717528,7056.3,0.04,False,2018-02-02 03:45:09
183717661,7056.0,0.56,False,2018-02-02 03:45:17
183717871,7052.1,0.6,True,2018-02-02 03:45:22
183718620,7079.0,0.3,False,2018-02-02 03:45:58
183718991,7078.6,0.6,False,2018-02-02 03:46:16
183719063,7064.1,0.00646163,True,2018-02-02 03:46:20
183719266,7107.0,0.3,False,2018-02-02 03:46:34
183719258,7101.0,0.3,False,2018-02-02 03:46:34
183719264,7103.6,1.172,False,2018-02-02 03:46:34
183719464,7079.2,0.59353837,True,2018-02-02 03:46:49
183719525,7093.5,0.00703009,True,2018-02-02 03:46:50
183719614,7087.032429999999,0.02075676,False,2018-02-02 03:46:50
183719707,7139.0,0.15051448,False,2018-02-02 03:46:51
183719731,7102.213220999999,0.04767,False,2018-02-02 03:46:51
183719736,7102.8,0.00904452,False,2018-02-02 03:46:51
183719710,7141.7,1.02086452,False,2018-02-02 03:46:51
183719761,7118.193001000001,0.586,False,2018-02-02 03:46:51
183719712,7141.7,0.05,False,2018-02-02 03:46:51
183719740,7118.193001000001,0.00138774,False,2018-02-02 03:46:51
183719756,7118.193001000001,0.586,False,2018-02-02 03:46:51
183719695,7134.9,1.591,False,2018-02-02 03:46:51
183719714,7141.7,0.67613548,False,2018-02-02 03:46:51
183719657,7108.0,0.2,False,2018-02-02 03:46:51
183719733,7102.213220999999,0.03751,False,2018-02-02 03:46:51
183719671,7114.0,0.3,False,2018-02-02 03:46:51
183719677,7119.0,0.3,False,2018-02-02 03:46:51
183719716,7143.0,0.3,False,2018-02-02 03:46:51
183719698,7137.0,0.3,False,2018-02-02 03:46:51
183719734,7102.8,0.59095548,False,2018-02-02 03:46:51
183719744,7118.193001000001,0.34547757,False,2018-02-02 03:46:51
183719692,7132.0,0.3,False,2018-02-02 03:46:51
183719738,7102.852412199999,0.5,False,2018-02-02 03:46:51
183719705,7139.0,0.04948552,False,2018-02-02 03:46:51
183719742,7118.193001000001,0.56043226,False,2018-02-02 03:46:51
183719779,7107.3,0.28936142,True,2018-02-02 03:46:52
183719980,7107.3,0.39108069,True,2018-02-02 03:46:55
183719997,7107.3,0.11505789,True,2018-02-02 03:46:55
183719999,7104.9,0.10476476,True,2018-02-02 03:46:55
183720012,7104.9,0.69073524,True,2018-02-02 03:46:55
183720289,7103.012209999999,0.00454656,True,2018-02-02 03:47:07
183720792,7105.0,0.2,True,2018-02-02 03:47:29
183720789,7110.0,0.3,True,2018-02-02 03:47:29
183720876,7101.0,0.2,True,2018-02-02 03:47:34
183720879,7096.0,0.3,True,2018-02-02 03:47:34
183721169,7095.821309,0.6,False,2018-02-02 03:47:51
183721167,7095.821309,0.39799999999999996,False,2018-02-02 03:47:51
183721175,7099.017265,0.15,False,2018-02-02 03:47:51
183721171,7096.620298000001,0.5,False,2018-02-02 03:47:51
183721173,7098.2182760000005,0.15,False,2018-02-02 03:47:51
183721177,7103.012209999999,0.05074,False,2018-02-02 03:47:51
183721185,7104.6900869,0.00405469,False,2018-02-02 03:47:51
183721186,7105.0,0.4,True,2018-02-02 03:47:51
183721181,7104.610188,0.0138668,False,2018-02-02 03:47:51
183721183,7104.6900869,1.2,False,2018-02-02 03:47:51
183721179,7104.5302891,0.5,False,2018-02-02 03:47:51
183721248,7105.0,0.9,True,2018-02-02 03:47:53
183721208,7105.0,0.04457257,True,2018-02-02 03:47:53
183721278,7105.0,0.39861437,True,2018-02-02 03:47:54
183721262,7105.0,0.55008734,True,2018-02-02 03:47:54
183721269,7105.0,0.546189,True,2018-02-02 03:47:54
183721271,7105.0,0.383225,True,2018-02-02 03:47:54
183721307,7105.0,2.00153252,True,2018-02-02 03:47:55
183721309,7105.0,0.51805177,True,2018-02-02 03:47:55
183721347,7104.5302891,0.44753999999999994,False,2018-02-02 03:47:56
183721341,7103.012209999999,0.03636,False,2018-02-02 03:47:56
183721343,7104.2106935,1.0,False,2018-02-02 03:47:56
183721345,7104.5302891,1.4161,False,2018-02-02 03:47:56
183721454,7096.0,0.42894750000000004,True,2018-02-02 03:48:02
183721482,7096.0,0.16784102,True,2018-02-02 03:48:04
183721479,7096.0,0.00490713,True,2018-02-02 03:48:04
183721487,7096.0,0.3768,True,2018-02-02 03:48:05
183721542,7100.0,0.2,True,2018-02-02 03:48:10
183721639,7099.1770628,0.1513,False,2018-02-02 03:48:13
183721648,7100.0,0.17472873,True,2018-02-02 03:48:13
183721646,7100.0,0.04988494,True,2018-02-02 03:48:13
183721657,7097.0,0.06934576,True,2018-02-02 03:48:13
183721637,7099.0971639,0.02653633,False,2018-02-02 03:48:13
183721651,7097.0,0.25893916,True,2018-02-02 03:48:13
183721656,7104.610188,0.3672,False,2018-02-02 03:48:13
183721643,7099.7363551,4.0,False,2018-02-02 03:48:13
183721645,7099.816254,0.03975,False,2018-02-02 03:48:13
183721654,7100.615243000001,0.002,False,2018-02-02 03:48:13
183721641,7099.1770628,0.098,False,2018-02-02 03:48:13
183721697,7097.1,0.30785014,True,2018-02-02 03:48:15
183721704,7097.1,0.26924784,True,2018-02-02 03:48:16
183721702,7097.1,0.02290202,True,2018-02-02 03:48:16
183721740,7097.0,0.11255938,True,2018-02-02 03:48:18
183721736,7097.0,0.04985621,True,2018-02-02 03:48:18
183721738,7097.0,0.03603837,True,2018-02-02 03:48:18
183721765,7097.0,0.55132109,True,2018-02-02 03:48:19
183721888,7104.4503902,1.27654264,False,2018-02-02 03:48:26
183721886,7103.811199,0.04079,False,2018-02-02 03:48:26
183722122,7107.007154999999,0.00243689,True,2018-02-02 03:48:37
183722206,7107.007154999999,0.039161,True,2018-02-02 03:48:42
183722285,7107.007154999999,0.3,False,2018-02-02 03:48:52
183722317,7105.0,0.24127767,True,2018-02-02 03:48:54
183722328,7105.0,0.05872233,True,2018-02-02 03:48:55
183722363,7104.610188,0.6,True,2018-02-02 03:48:57
183722389,7101.0,0.2,True,2018-02-02 03:48:59
183722452,7095.0,0.3,True,2018-02-02 03:49:04
183722500,7090.0,0.3,True,2018-02-02 03:49:07
183722505,7088.1,0.2,True,2018-02-02 03:49:08
183722532,7088.7,0.18,True,2018-02-02 03:49:09
183722556,7088.7,0.0424,True,2018-02-02 03:49:10
183722548,7088.7,0.01810991,True,2018-02-02 03:49:10
183722550,7088.7,0.07726799,True,2018-02-02 03:49:10
183722561,7088.7,0.3344788,True,2018-02-02 03:49:10
183722559,7088.7,0.1,True,2018-02-02 03:49:10
183722554,7088.7,0.2,True,2018-02-02 03:49:10
183722572,7088.7,0.0477433,True,2018-02-02 03:49:11
183722624,7085.0,0.14384,True,2018-02-02 03:49:12
183722626,7085.0,0.1,True,2018-02-02 03:49:12
183722658,7085.0,0.05616,True,2018-02-02 03:49:13
183722675,7079.3,0.01554465,True,2018-02-02 03:49:14
183722713,7079.4,0.18680368,True,2018-02-02 03:49:15
183722749,7079.5,0.05855946,True,2018-02-02 03:49:16
183722765,7079.5,0.24057835,True,2018-02-02 03:49:17
183722775,7079.5,0.00545865,True,2018-02-02 03:49:17
183722763,7079.5,0.09305521,True,2018-02-02 03:49:17
183722926,7079.1224389,0.040354,True,2018-02-02 03:49:27
183723084,7091.6,0.6,False,2018-02-02 03:49:36
183723099,7103.0,0.4,False,2018-02-02 03:49:36
183723095,7098.0,0.3,False,2018-02-02 03:49:36
183723124,7079.2,0.1,True,2018-02-02 03:49:38
183723138,7079.2,0.43975814,True,2018-02-02 03:49:39
183723133,7079.2,0.00884565,True,2018-02-02 03:49:39
183723145,7098.7,0.15388800000000002,False,2018-02-02 03:49:39
183723135,7079.2,0.05139621,True,2018-02-02 03:49:39
183723143,7093.0,0.3,False,2018-02-02 03:49:39
183723195,7075.1,0.15388800000000002,True,2018-02-02 03:49:42
183723774,7071.2124478,0.012,False,2018-02-02 03:50:23
183723785,7071.0,0.3,True,2018-02-02 03:50:23
183723776,7071.292346699999,0.03989611,False,2018-02-02 03:50:23
183723818,7070.0,0.2,True,2018-02-02 03:50:25
183723831,7070.0,0.1,True,2018-02-02 03:50:26
183723876,7066.0,0.24341998,True,2018-02-02 03:50:32
183723880,7066.0,0.023553099999999997,True,2018-02-02 03:50:32
183723882,7066.0,0.02538233,True,2018-02-02 03:50:32
183723878,7066.0,0.00764459,True,2018-02-02 03:50:32
183724062,7063.6,1.3137098999999999,True,2018-02-02 03:50:47
183724059,7063.4622545,0.75,False,2018-02-02 03:50:47
183724068,7063.6,0.67930659,True,2018-02-02 03:50:47
183724061,7063.5421534,0.016,False,2018-02-02 03:50:47
183724072,7063.6,0.3,True,2018-02-02 03:50:47
183724074,7063.6,0.01104647,True,2018-02-02 03:50:47
183724066,7063.6,0.016,True,2018-02-02 03:50:47
183724070,7063.6,1.0,True,2018-02-02 03:50:47
183724076,7063.6,0.1156,True,2018-02-02 03:50:47
183724082,7063.6,0.016,True,2018-02-02 03:50:48
183724084,7063.6,0.1,True,2018-02-02 03:50:48
183724088,7063.6,0.00698791,True,2018-02-02 03:50:49
183724943,7094.1,0.6,False,2018-02-02 03:52:06
183725045,7087.831419,0.0475,True,2018-02-02 03:52:24
183725057,7087.831419,0.0294,True,2018-02-02 03:52:24
183725051,7087.831419,0.0631,True,2018-02-02 03:52:24
183725576,7088.630408,0.1453,True,2018-02-02 03:53:12
183725776,7089.0,0.3,False,2018-02-02 03:53:36
183725742,7090.0,0.3,False,2018-02-02 03:53:36
183726094,7075.7,0.392,True,2018-02-02 03:53:52
183726089,7075.7,0.1,True,2018-02-02 03:53:52
183726196,7071.931537899999,0.00997599,False,2018-02-02 03:54:00
183726198,7071.931537899999,0.09802401,False,2018-02-02 03:54:00
183726415,7071.851639,0.102,True,2018-02-02 03:54:13
183726406,7071.851639,0.0346,True,2018-02-02 03:54:13
183726771,7054.0,0.3,True,2018-02-02 03:54:37
183726778,7050.0,0.3,True,2018-02-02 03:54:37
183726767,7059.5,0.1,True,2018-02-02 03:54:37
183726854,7057.1,0.1,True,2018-02-02 03:54:38
183727073,7043.0,0.3,True,2018-02-02 03:54:44
183727118,7055.871859000001,0.13424,False,2018-02-02 03:54:45
183727123,7063.861749,0.06,False,2018-02-02 03:54:45
183727125,7063.861749,0.05799595,False,2018-02-02 03:54:45
183727119,7062.2,0.599892,False,2018-02-02 03:54:45
183727108,7042.9282372,0.15867928,False,2018-02-02 03:54:45
183727112,7046.283990999999,0.2,False,2018-02-02 03:54:45
183727110,7044.686013,0.10442,False,2018-02-02 03:54:45
183727121,7063.06276,2.0,False,2018-02-02 03:54:45
183727114,7047.08298,1.8544,False,2018-02-02 03:54:45
183727116,7048.6010591,1.751,False,2018-02-02 03:54:45
183727200,7039.2,0.05,True,2018-02-02 03:54:51
183727202,7039.2,0.25,True,2018-02-02 03:54:51
183727215,7039.2,0.04178501,True,2018-02-02 03:54:51
183727248,7039.2,0.25821499,True,2018-02-02 03:54:53
183728084,7035.1780438999995,3.35499681,False,2018-02-02 03:55:18
183728088,7035.1780438999995,0.00274392,False,2018-02-02 03:55:18
183728090,7035.1780438999995,0.92745227,False,2018-02-02 03:55:18
183728086,7035.1780438999995,1.0,False,2018-02-02 03:55:18
183728289,7035.098145,0.002007,True,2018-02-02 03:55:33
183729274,7056.4,0.6,False,2018-02-02 03:56:48
183729677,7054.992971100001,0.0033,True,2018-02-02 03:57:02
183729675,7054.992971100001,0.1467,True,2018-02-02 03:57:02
183729725,7053.0,0.3,True,2018-02-02 03:57:06
183729767,7048.0,0.237533,True,2018-02-02 03:57:10
183729814,7040.1,0.6,True,2018-02-02 03:57:16
183729957,7032.6,1.0,True,2018-02-02 03:57:27
183730026,7044.9,0.6,False,2018-02-02 03:57:41
183730135,7031.2,0.08285256,True,2018-02-02 03:57:44
183730193,7029.0,0.07494398,True,2018-02-02 03:57:51
183730239,7031.3,0.51714744,True,2018-02-02 03:57:59
183730816,7047.9,0.09817836,True,2018-02-02 03:58:40
183731094,7047.7221712,2.77371889,False,2018-02-02 03:59:12
183731092,7047.6422723000005,1.2,False,2018-02-02 03:59:12
183731090,7047.5623734,0.00923683,False,2018-02-02 03:59:12
183731168,7043.0,0.3,True,2018-02-02 03:59:25
183731186,7042.0,0.081,True,2018-02-02 03:59:27
183731194,7042.0,0.09968300000000001,True,2018-02-02 03:59:27
183731196,7042.0,0.219317,True,2018-02-02 03:59:28
183731259,7037.0,0.4,True,2018-02-02 03:59:31
183731319,7044.7,0.6,False,2018-02-02 03:59:34
183731390,7034.6,0.1,True,2018-02-02 03:59:40
183731415,7034.6,0.29731599999999997,True,2018-02-02 03:59:40
183731473,7047.08298,0.397316,True,2018-02-02 03:59:46
183731680,7052.0,0.4,False,2018-02-02 04:00:01
183731725,7056.0,0.23564000000000002,False,2018-02-02 04:00:12
183731742,7056.0,0.04579,False,2018-02-02 04:00:12
183731900,7052.276408499999,0.09827999999999999,True,2018-02-02 04:00:17
183731895,7052.276408499999,0.098223,True,2018-02-02 04:00:17
183731925,7052.276408499999,0.09855599999999999,True,2018-02-02 04:00:17
183731930,7052.276408499999,0.12298785,True,2018-02-02 04:00:18
183731934,7047.08298,0.64925111,True,2018-02-02 04:00:18
183731928,7052.3563074,0.14,True,2018-02-02 04:00:18
183731932,7051.077925,0.18741607,True,2018-02-02 04:00:18
183732038,7048.0,0.01,True,2018-02-02 04:00:34
183732040,7048.0,0.04983849,True,2018-02-02 04:00:34
183732036,7048.0,0.01,True,2018-02-02 04:00:34
183732052,7048.0,0.04983849,True,2018-02-02 04:00:36
183732060,7048.0,0.18032302,True,2018-02-02 04:00:36
183732130,7047.961867899999,0.39299999999999996,False,2018-02-02 04:00:43
183732378,7058.908017199999,0.020451,False,2018-02-02 04:01:00
183732450,7058.4,0.03835165,True,2018-02-02 04:01:05
183732701,7064.0,0.02034,True,2018-02-02 04:01:29
183732711,7064.0,0.048146,True,2018-02-02 04:01:30
183732709,7064.0,0.331514,True,2018-02-02 04:01:30
183732750,7064.0,0.316618,True,2018-02-02 04:01:42
183732752,7064.0,0.05,True,2018-02-02 04:01:42
183732774,7068.655683,0.00370225,False,2018-02-02 04:01:43
183732824,7073.47123127,0.01714609,False,2018-02-02 04:01:45
183732945,7074.87247359,0.1,False,2018-02-02 04:01:53
183732996,7074.17185243,0.05468199,False,2018-02-02 04:01:57
183733004,7069.56777052,0.1535866,True,2018-02-02 04:01:57
183733002,7071.26927905,0.4,True,2018-02-02 04:01:57
183732994,7074.288447600001,0.01971592,True,2018-02-02 04:01:57
183733521,7063.0,0.01,True,2018-02-02 04:03:02
183733525,7063.0,0.15904135,True,2018-02-02 04:03:02
183733790,7076.0,0.4,False,2018-02-02 04:03:53
183733792,7077.2,0.6,False,2018-02-02 04:03:53
183733922,7071.8893536,0.196463,True,2018-02-02 04:04:17
183734046,7071.8,0.21612405,False,2018-02-02 04:04:20
183734048,7071.8,0.21613964,False,2018-02-02 04:04:20
183734131,7068.6905615999995,0.1491507,True,2018-02-02 04:04:31
183734233,7066.931226000001,0.04602658,True,2018-02-02 04:04:43
183734329,7063.8124038000005,0.12489700000000001,True,2018-02-02 04:04:58
183734361,7063.1,0.294693,True,2018-02-02 04:05:02
183734359,7063.1,0.305307,True,2018-02-02 04:05:02
183734608,7063.7324340000005,0.17913699,False,2018-02-02 04:05:37
183734606,7063.6524642,0.016,False,2018-02-02 04:05:37
183734744,7063.8,0.12491500000000001,False,2018-02-02 04:05:54
183734747,7071.3,0.07171799999999999,False,2018-02-02 04:05:54
183735148,7090.8,0.6,False,2018-02-02 04:06:23
183735164,7093.32126,0.52545065,True,2018-02-02 04:06:24
183735264,7093.3,0.15053848,False,2018-02-02 04:06:28
183735277,7097.0,0.4,False,2018-02-02 04:06:28
183735428,7083.0,0.18587034,True,2018-02-02 04:06:41
183735440,7083.0,0.0711654,True,2018-02-02 04:06:41
183735425,7083.0,0.04296426,True,2018-02-02 04:06:41
183735551,7089.882558600001,0.00602031,True,2018-02-02 04:06:44
183735667,7105.31673,0.0058,True,2018-02-02 04:06:51
183735675,7109.0,0.04218,False,2018-02-02 04:06:52
183735761,7105.31673,0.00165566,True,2018-02-02 04:06:55
183735847,7108.0,0.03714582,False,2018-02-02 04:07:02
183735934,7105.3966998,0.0106,True,2018-02-02 04:07:08
183736175,7110.0,0.084915,False,2018-02-02 04:07:28
183736314,7113.0,0.2,False,2018-02-02 04:07:44
183736293,7101.4,0.6,True,2018-02-02 04:07:44
183736497,7100.0,0.00551181,False,2018-02-02 04:07:55
183736515,7100.0,0.06062028,False,2018-02-02 04:07:56
183736646,7099.0,0.005474100000000001,False,2018-02-02 04:08:02
183736638,7099.0,0.06976030000000001,False,2018-02-02 04:08:02
183736656,7099.0,0.06842331,False,2018-02-02 04:08:03
183736651,7099.0,0.00549343,False,2018-02-02 04:08:03
183736707,7116.512502,0.6,True,2018-02-02 04:08:06
183736701,7113.0,0.2,False,2018-02-02 04:08:06
183736696,7110.0,0.3,False,2018-02-02 04:08:06
183736799,7107.715824,0.0055312,True,2018-02-02 04:08:14
183736903,7107.0,0.3,False,2018-02-02 04:08:22
183737029,7111.0,0.3,False,2018-02-02 04:08:34
183737137,7102.117937999999,0.021996,False,2018-02-02 04:08:51
183737592,7101.3182400000005,0.05816584,False,2018-02-02 04:09:39
183737885,7126.6,2.90883486,False,2018-02-02 04:10:02
183737880,7124.0,0.3,False,2018-02-02 04:10:02
183737883,7126.6,2.09116514,False,2018-02-02 04:10:02
183737870,7118.0,0.4,False,2018-02-02 04:10:02
183737863,7114.0,0.3,False,2018-02-02 04:10:02
183737857,7110.0,0.46111731,False,2018-02-02 04:10:02
183738088,7109.5,0.11363903,True,2018-02-02 04:10:12
183738078,7109.5,0.10528268,True,2018-02-02 04:10:12
183738099,7109.6,0.38107829,True,2018-02-02 04:10:13
183738124,7106.0,0.3,True,2018-02-02 04:10:15
183738153,7108.515522,0.4,True,2018-02-02 04:10:17
183738163,7106.2,0.002,False,2018-02-02 04:10:18
183738168,7106.2,0.002,False,2018-02-02 04:10:19
183738203,7106.2,0.066,False,2018-02-02 04:10:22
183738272,7106.0,0.3,True,2018-02-02 04:10:28
183738307,7116.4,0.6,False,2018-02-02 04:10:30
183738920,7127.8,0.01736795,True,2018-02-02 04:11:24
183738940,7127.8,0.44302820000000004,True,2018-02-02 04:11:26
183739178,7130.0,0.22,True,2018-02-02 04:11:56
183739553,7117.0,0.06,True,2018-02-02 04:12:34
183739579,7117.0,0.1,True,2018-02-02 04:12:35
183739585,7117.0,0.1,True,2018-02-02 04:12:35
183739607,7113.0,0.3,True,2018-02-02 04:12:36
183739603,7117.0,0.04,True,2018-02-02 04:12:36
183739634,7113.0,0.081811,True,2018-02-02 04:12:38
183739642,7113.0,0.9181889999999999,True,2018-02-02 04:12:39
183739831,7105.0,0.3,True,2018-02-02 04:12:51
183739828,7111.5,0.7739,True,2018-02-02 04:12:51
183739837,7102.3,1.0,True,2018-02-02 04:12:51
183739840,7101.5,0.13960385,True,2018-02-02 04:12:51
183739902,7105.7,0.13460999999999998,True,2018-02-02 04:12:55
183740021,7103.4,0.0534,True,2018-02-02 04:13:03
183740017,7102.917636,0.0414,False,2018-02-02 04:13:03
183740230,7101.4,0.009590000000000001,True,2018-02-02 04:13:16
183740224,7101.4,0.0109,True,2018-02-02 04:13:16
183740526,7107.0,0.12131954,False,2018-02-02 04:13:54
183740557,7107.0,0.17868046,False,2018-02-02 04:13:56
183740740,7102.8376662,0.14455199999999999,True,2018-02-02 04:14:22
183740785,7111.0,0.3,False,2018-02-02 04:14:24
183740792,7115.0,0.3,False,2018-02-02 04:14:24
183740801,7118.0,0.4,False,2018-02-02 04:14:24
183740853,7118.2718376,0.29715833,True,2018-02-02 04:14:26
183740889,7118.2718376,0.14003014,True,2018-02-02 04:14:27
183740928,7118.2718376,4.08886615,True,2018-02-02 04:14:29
183741027,7118.2,0.15711868,False,2018-02-02 04:14:39
183741029,7118.2,0.15705658,False,2018-02-02 04:14:39
183741254,7118.5917168,0.34591641,True,2018-02-02 04:15:05
183741639,7122.8301162,0.0033621000000000002,True,2018-02-02 04:15:37
183741635,7123.149995399999,0.02,True,2018-02-02 04:15:37
183741643,7119.9,0.002,False,2018-02-02 04:15:37
183741633,7123.149995399999,0.03,True,2018-02-02 04:15:37
183741637,7122.910086,0.34049524,True,2018-02-02 04:15:37
183741640,7119.9,0.2,False,2018-02-02 04:15:37
183741741,7138.0,0.3,False,2018-02-02 04:15:46
183741747,7143.0,0.3,False,2018-02-02 04:15:46
183741733,7131.6,0.6,False,2018-02-02 04:15:46
183741891,7120.0,0.3,True,2018-02-02 04:16:05
183741889,7120.0,0.3,True,2018-02-02 04:16:05
183741973,7119.0,0.26096537,True,2018-02-02 04:16:05
183741859,7119.711294,0.020543000000000002,False,2018-02-02 04:16:05
183741970,7119.0,0.03903463,True,2018-02-02 04:16:05
183741994,7118.8,0.57947754,True,2018-02-02 04:16:06
183742016,7121.5,2.89052191,False,2018-02-02 04:16:07
183746390,7096.0,0.3,False,2018-02-02 04:20:46
183746379,7090.8,0.6,False,2018-02-02 04:20:46
183746387,7093.0,0.3,False,2018-02-02 04:20:46
183746465,7078.526847,0.6,False,2018-02-02 04:20:48
183747336,7088.0,0.06997417,True,2018-02-02 04:21:57
183747346,7088.0,0.23002583,True,2018-02-02 04:21:59
183748149,7078.126998000001,1.97,True,2018-02-02 04:23:38
183748831,7067.7309239999995,0.227014,True,2018-02-02 04:25:04
183748850,7067.7309239999995,0.28458048,True,2018-02-02 04:25:06
183749192,7062.133038,0.227291,True,2018-02-02 04:25:45
183749225,7062.133038,0.009337999999999999,True,2018-02-02 04:25:46
183749572,7059.0,0.3,False,2018-02-02 04:26:12
183749647,7054.935756,0.020308,True,2018-02-02 04:26:23
183750148,7053.336359999999,7.0,True,2018-02-02 04:27:13
183750233,7053.336359999999,3.41868734,True,2018-02-02 04:27:25
183750353,7053.336359999999,0.5994,True,2018-02-02 04:27:40
183750387,7038.4,0.6,True,2018-02-02 04:27:42
183750496,7076.0,0.3,False,2018-02-02 04:27:44
183750485,7068.0,0.3,False,2018-02-02 04:27:44
183750489,7071.0,0.3,False,2018-02-02 04:27:44
183750441,7051.0,0.3,False,2018-02-02 04:27:44
183750479,7064.0,0.3,False,2018-02-02 04:27:44
183750466,7056.0,0.3,False,2018-02-02 04:27:44
183750471,7059.0,0.3,False,2018-02-02 04:27:44
183750491,7072.0,0.1,False,2018-02-02 04:27:44
183750443,7051.6,0.6,False,2018-02-02 04:27:44
183750676,7089.4,0.153784,False,2018-02-02 04:27:57
183750898,7051.0,0.6,True,2018-02-02 04:28:07
183751252,7063.8923736,0.25780962,False,2018-02-02 04:28:46
183751271,7063.0,0.2,True,2018-02-02 04:28:49
183751276,7062.932736,0.048060000000000005,False,2018-02-02 04:28:52
183751278,7062.932736,0.06168623,False,2018-02-02 04:28:52
183751542,7068.0,0.0198754,True,2018-02-02 04:29:16
183751594,7068.0,0.01232195,True,2018-02-02 04:29:24
183751604,7068.0,0.26780265,True,2018-02-02 04:29:28
183751738,7068.0,0.3,True,2018-02-02 04:29:52
183751749,7064.0,0.2,True,2018-02-02 04:29:55
183751767,7075.9,0.6,False,2018-02-02 04:29:59
183751802,7086.0,0.3,False,2018-02-02 04:30:05
183751799,7081.0,0.2,False,2018-02-02 04:30:05
183752038,7076.0,0.3,True,2018-02-02 04:30:31
183752031,7079.3,0.6,True,2018-02-02 04:30:31
183752048,7072.0,0.09352484,True,2018-02-02 04:30:32
183752060,7080.0,0.18,True,2018-02-02 04:30:34
183752083,7080.0,0.02,True,2018-02-02 04:30:36
183752122,7079.0,0.160469,True,2018-02-02 04:30:41
183752130,7079.0,0.139531,True,2018-02-02 04:30:43
183752276,7067.0,0.2567105,True,2018-02-02 04:31:05
183752439,7066.131528,0.1,True,2018-02-02 04:31:30
183752527,7062.8527662,0.04626941,True,2018-02-02 04:31:39
183752522,7063.2,0.002,False,2018-02-02 04:31:39
183752621,7058.0,0.55173059,False,2018-02-02 04:31:53
183752654,7048.7,0.1,True,2018-02-02 04:31:56
183752936,7046.5,0.5,True,2018-02-02 04:32:29
183753046,7047.0,0.0072998,False,2018-02-02 04:32:32
183753279,7053.3,0.01334622,True,2018-02-02 04:33:05
183753284,7053.3,0.07,True,2018-02-02 04:33:07
183753282,7053.3,0.12311664,True,2018-02-02 04:33:07
183753290,7053.3,0.05,True,2018-02-02 04:33:09
183753294,7053.3,0.01,True,2018-02-02 04:33:10
183753305,7053.3,0.01079805,True,2018-02-02 04:33:11
183753333,7053.3,0.5,True,2018-02-02 04:33:14
183753339,7053.3,0.05,True,2018-02-02 04:33:15
183753343,7053.3,0.2,True,2018-02-02 04:33:16
183753391,7053.3,0.17,True,2018-02-02 04:33:25
183753426,7053.3,1.43030734,True,2018-02-02 04:33:32
183753529,7046.0,0.00701403,False,2018-02-02 04:33:47
183754183,7030.1,0.1,True,2018-02-02 04:35:33
183755266,7050.0,0.3,False,2018-02-02 04:36:44
183755247,7041.2,0.6,False,2018-02-02 04:36:44
183755270,7052.8,0.2,False,2018-02-02 04:36:44
183755253,7043.0,0.3,False,2018-02-02 04:36:44
183755256,7043.1,0.1,False,2018-02-02 04:36:44
183755262,7046.0,0.2,False,2018-02-02 04:36:44
183755244,7038.0,0.3,False,2018-02-02 04:36:44
183756051,7047.0,0.2,True,2018-02-02 04:37:55
183756497,7043.0,0.3,True,2018-02-02 04:38:55
183756502,7036.0,0.3,True,2018-02-02 04:38:55
183756499,7041.0,0.3,True,2018-02-02 04:38:55
183756567,7032.0,0.3,True,2018-02-02 04:39:07
183756570,7028.0,0.3,True,2018-02-02 04:39:07
183757119,7066.0,0.3,False,2018-02-02 04:40:04
183757123,7069.0,0.3,False,2018-02-02 04:40:04
183757114,7060.0,0.05,False,2018-02-02 04:40:04
183757901,7081.5,0.6,True,2018-02-02 04:41:13
183757970,7091.8,1.173,False,2018-02-02 04:41:20
183758298,7101.0,0.2,False,2018-02-02 04:41:46
183758294,7098.0,0.3,False,2018-02-02 04:41:46
183758305,7104.7,1.597,False,2018-02-02 04:41:46
183758307,7105.0,0.3,False,2018-02-02 04:41:46
183758430,7107.715824,0.6,True,2018-02-02 04:41:50
183759550,7099.5,0.1,True,2018-02-02 04:43:13
183759660,7093.0,0.1,True,2018-02-02 04:43:21
183759816,7092.2,0.1,True,2018-02-02 04:43:40
183759832,7092.2,0.04997,True,2018-02-02 04:43:42
183759830,7092.2,0.1,True,2018-02-02 04:43:42
183759845,7092.2,0.01,True,2018-02-02 04:43:43
183759874,7092.2,0.04997,True,2018-02-02 04:43:49
183759884,7092.2,0.1,True,2018-02-02 04:43:51
183759886,7092.2,0.00694631,True,2018-02-02 04:43:51
183759881,7092.2,0.04997,True,2018-02-02 04:43:51
183759893,7092.281652600001,0.02,False,2018-02-02 04:43:52
183759897,7092.281652600001,0.5865,False,2018-02-02 04:43:52
183759895,7092.281652600001,0.5665,False,2018-02-02 04:43:52
183759915,7092.2016828000005,0.75,False,2018-02-02 04:43:54
183759919,7092.2016828000005,0.12030369,False,2018-02-02 04:43:54
183759917,7092.2016828000005,0.0485,False,2018-02-02 04:43:54
183759909,7092.2,0.2,True,2018-02-02 04:43:54
183759911,7092.2,0.011340000000000001,True,2018-02-02 04:43:54
183759959,7082.0,0.18395,True,2018-02-02 04:43:59
183760090,7082.0,0.6,True,2018-02-02 04:44:21
183760255,7081.405759800001,0.11292927,True,2018-02-02 04:44:42
183760257,7081.325790000001,1.13440238,True,2018-02-02 04:44:42
183760356,7081.325790000001,0.62369829,True,2018-02-02 04:44:55
183760472,7081.325790000001,2.05524824,True,2018-02-02 04:45:11
183760513,7081.325790000001,2.90121123,True,2018-02-02 04:45:26
183762098,7072.6090818,0.14686425,True,2018-02-02 04:48:14
183762111,7072.0,0.1,False,2018-02-02 04:48:15
183762124,7072.0,0.07276869,False,2018-02-02 04:48:17
183762202,7073.328809999999,0.08199999999999999,True,2018-02-02 04:48:33
183762789,7066.0,0.3,True,2018-02-02 04:49:37
183763192,7077.3273,0.00416065,True,2018-02-02 04:50:10
183763309,7085.0,0.09998063,False,2018-02-02 04:50:28
183763324,7085.0,0.1182,False,2018-02-02 04:50:28
183764072,7101.4,0.46668999999999994,False,2018-02-02 04:51:23
183764096,7101.3,0.02,False,2018-02-02 04:51:24
183764216,7102.8,0.09339758,False,2018-02-02 04:51:30
183764322,7105.9564884,0.48660242,True,2018-02-02 04:51:42
183764723,7108.0,0.05,True,2018-02-02 04:52:04
183764721,7108.0,0.2,True,2018-02-02 04:52:04
183766169,7124.6,0.56,True,2018-02-02 04:54:19
183766496,7126.0,0.06331152,True,2018-02-02 04:54:44
183766537,7126.0,0.13068927,True,2018-02-02 04:54:46
183766545,7126.0,0.02545582,True,2018-02-02 04:54:47
183766548,7126.0,0.08054339,True,2018-02-02 04:54:47
183766629,7118.0,0.2,True,2018-02-02 04:54:52
183766623,7122.0,0.3,True,2018-02-02 04:54:52
183766701,7121.0,0.04952093,True,2018-02-02 04:54:58
183766707,7121.0,0.1,True,2018-02-02 04:54:59
183766956,7130.0,0.03496557,True,2018-02-02 04:55:27
183767017,7133.0,0.41493532,True,2018-02-02 04:55:34
183767039,7133.0,0.04468823,True,2018-02-02 04:55:36
183767089,7133.0,0.457,True,2018-02-02 04:55:41
183767243,7133.226190199999,0.19601072,False,2018-02-02 04:55:59
183767525,7188.0,0.3,False,2018-02-02 04:56:23
183767517,7185.7,2.364,False,2018-02-02 04:56:23
183767491,7173.7,1.16,False,2018-02-02 04:56:23
183767457,7152.7,0.56,False,2018-02-02 04:56:23
183767519,7185.8,1.734,False,2018-02-02 04:56:23
183767479,7168.0,0.3,False,2018-02-02 04:56:23
183767486,7173.0,0.3,False,2018-02-02 04:56:23
183767509,7183.0,0.3,False,2018-02-02 04:56:23
183767527,7188.1,0.5,False,2018-02-02 04:56:23
183767493,7174.1,1.581,False,2018-02-02 04:56:23
183767498,7178.0,0.3,False,2018-02-02 04:56:23
183767597,7216.6,1.0,False,2018-02-02 04:56:24
183767574,7202.3,1.0,False,2018-02-02 04:56:24
183767600,7218.6,3.8819999999999997,False,2018-02-02 04:56:24
183767672,7149.220150200001,0.5,False,2018-02-02 04:56:24
183767591,7213.0,1.0,False,2018-02-02 04:56:24
183767576,7202.9,2.594,False,2018-02-02 04:56:24
183767603,7220.2,5.291,False,2018-02-02 04:56:24
183767572,7201.6,3.536,False,2018-02-02 04:56:24
183767673,7172.7,0.1,False,2018-02-02 04:56:24
183767786,7186.4,0.71432479,True,2018-02-02 04:56:25
183767689,7181.3,0.2,False,2018-02-02 04:56:25
183767675,7176.1699728,0.6580126000000001,False,2018-02-02 04:56:25
183767782,7186.4,0.10234312,True,2018-02-02 04:56:25
183767728,7186.4,0.01129702,True,2018-02-02 04:56:25
183767707,7177.8,0.4,True,2018-02-02 04:56:25
183767791,7186.4,0.23835332,True,2018-02-02 04:56:25
183767784,7186.4,0.13567521,True,2018-02-02 04:56:25
183767776,7186.4,2.19618465,True,2018-02-02 04:56:25
183767738,7186.4,0.1,True,2018-02-02 04:56:25
183767793,7186.4,0.1,True,2018-02-02 04:56:25
183767679,7177.8,0.4,True,2018-02-02 04:56:25
183767789,7186.4,0.1,True,2018-02-02 04:56:25
183767701,7185.6,0.8,True,2018-02-02 04:56:25
183767694,7177.8,0.1175796,True,2018-02-02 04:56:25
183767699,7183.0,0.997,False,2018-02-02 04:56:25
183767724,7186.4,0.1,True,2018-02-02 04:56:25
183767691,7183.0,0.162,False,2018-02-02 04:56:25
183767690,7182.7,1.579,False,2018-02-02 04:56:25
183767696,7177.8,0.00768225,True,2018-02-02 04:56:25
183767703,7185.6,0.14400000000000002,True,2018-02-02 04:56:25
183767705,7177.8,0.456,True,2018-02-02 04:56:25
183767796,7186.4,1.49282189,True,2018-02-02 04:56:25
183767692,7177.8,0.897,True,2018-02-02 04:56:25
183767934,7177.1,0.17643399,True,2018-02-02 04:56:27
183767910,7177.8,0.31573815,True,2018-02-02 04:56:27
183767924,7186.326137399999,0.6,False,2018-02-02 04:56:27
183767931,7177.1,0.3290721,True,2018-02-02 04:56:27
183767912,7177.1,0.1191077,True,2018-02-02 04:56:27
183767929,7177.1,0.04171483,True,2018-02-02 04:56:27
183767964,7178.0,0.7905,True,2018-02-02 04:56:28
183767943,7177.1,0.34365878,True,2018-02-02 04:56:28
183767966,7178.0,0.7905,True,2018-02-02 04:56:28
183767968,7177.1,0.25726908,True,2018-02-02 04:56:28
183767945,7177.1,1.51073092,True,2018-02-02 04:56:28
183768158,7181.0,0.00880005,True,2018-02-02 04:56:32
183768163,7181.0,0.01727884,True,2018-02-02 04:56:32
183768140,7183.287284999999,0.27499602,False,2018-02-02 04:56:32
183768151,7181.0,0.02251893,True,2018-02-02 04:56:32
183768193,7196.3,0.5994,False,2018-02-02 04:56:33
183768224,7181.7678588,0.5,False,2018-02-02 04:56:33
183768226,7181.7678588,0.17657281,False,2018-02-02 04:56:33
183768222,7181.7678588,0.15137556,False,2018-02-02 04:56:33
183768262,7185.6064092,0.081,False,2018-02-02 04:56:34
183768247,7181.048130600001,0.10357027,False,2018-02-02 04:56:34
183768252,7183.207315199999,0.23492693,False,2018-02-02 04:56:34
183768233,7181.0,0.03240218,True,2018-02-02 04:56:34
183768245,7181.048130600001,0.02850276,False,2018-02-02 04:56:34
183768235,7181.0,0.53864588,True,2018-02-02 04:56:34
183768250,7181.7678588,0.22342719,False,2018-02-02 04:56:34
183768304,7193.8,0.13194096,False,2018-02-02 04:56:36
183768672,7182.2,0.37249352,True,2018-02-02 04:56:45
183769087,7181.28804,0.5,False,2018-02-02 04:56:59
183769307,7187.0,0.01607467,True,2018-02-02 04:57:17
183769581,7186.9658958,0.01607145,False,2018-02-02 04:57:30
183769665,7186.9658958,0.5,False,2018-02-02 04:57:33
183769755,7186.1661978,0.4,False,2018-02-02 04:57:38
183770221,7187.685624,0.22750648,False,2018-02-02 04:57:57
183771112,7199.7,0.32525126,True,2018-02-02 04:58:28
183771184,7201.0,0.05384045,True,2018-02-02 04:58:29
183771204,7201.0,0.24615955,True,2018-02-02 04:58:30
183772211,7213.275959999999,0.34541001,False,2018-02-02 04:59:12
183772225,7213.275959999999,0.20646579999999998,False,2018-02-02 04:59:12
183773485,7237.0,3.27030699,True,2018-02-02 05:00:18
183773489,7237.0,1.0,True,2018-02-02 05:00:18
183773494,7237.0,0.48947006,True,2018-02-02 05:00:18
183773516,7237.0,0.1,True,2018-02-02 05:00:19
183773528,7237.0,0.09,True,2018-02-02 05:00:20
183773543,7237.0,0.10522295,True,2018-02-02 05:00:21
183773697,7237.746718800001,0.50199656,False,2018-02-02 05:00:30
183773704,7237.906658399999,0.004,False,2018-02-02 05:00:30
183773676,7236.0,3.4739999999999998,True,2018-02-02 05:00:30
183773706,7237.9866282,0.38499656,False,2018-02-02 05:00:30
183773691,7237.2669,0.92199656,False,2018-02-02 05:00:30
183773702,7237.746718800001,0.4,False,2018-02-02 05:00:30
183773708,7237.9866282,0.21500344,False,2018-02-02 05:00:30
183773700,7237.746718800001,0.07800344,False,2018-02-02 05:00:30
183773680,7237.2669,0.7895,False,2018-02-02 05:00:30
183773712,7238.066598,0.06699656,False,2018-02-02 05:00:30
183773682,7237.2669,0.58,False,2018-02-02 05:00:30
183773710,7237.9866282,0.4,False,2018-02-02 05:00:30
183773695,7237.2669,0.07800344,False,2018-02-02 05:00:30
183773689,7237.2669,0.26000344,False,2018-02-02 05:00:30
183773725,7241.505299400001,0.00273817,False,2018-02-02 05:00:31
183773733,7244.464182,0.00707195,False,2018-02-02 05:00:31
183773715,7238.066598,0.03100344,False,2018-02-02 05:00:31
183773746,7247.1031854,0.2424427,False,2018-02-02 05:00:31
183773721,7240.465692,0.1998,False,2018-02-02 05:00:31
183773723,7240.7056014,0.00498644,False,2018-02-02 05:00:31
183773719,7238.866295999999,0.1998,False,2018-02-02 05:00:31
183773717,7238.066598,0.002,False,2018-02-02 05:00:31
183773729,7243.664484000001,0.02,False,2018-02-02 05:00:31
183773727,7242.145057800001,0.1998,False,2018-02-02 05:00:31
183773731,7243.7444538,0.1998,False,2018-02-02 05:00:31
183773742,7246.9432458,0.3472573,False,2018-02-02 05:00:31
183773744,7247.0232156,0.1998,False,2018-02-02 05:00:31
183773757,7237.0,0.92656071,True,2018-02-02 05:00:32
183774250,7237.2669,0.02504062,True,2018-02-02 05:01:07
183774246,7239.0,0.3,True,2018-02-02 05:01:07
183774251,7237.0,0.3,True,2018-02-02 05:01:07
183774253,7234.9477758,0.6655,True,2018-02-02 05:01:07
183774248,7237.3468698,0.60616575,True,2018-02-02 05:01:07
183774255,7234.867806,1.67130363,True,2018-02-02 05:01:07
183774291,7238.0,0.3,True,2018-02-02 05:01:08
183774337,7233.0,0.20199999999999999,True,2018-02-02 05:01:08
183774331,7233.0,0.098,True,2018-02-02 05:01:08
183774503,7225.0,0.3,True,2018-02-02 05:01:13
183774820,7215.8,0.01680668,True,2018-02-02 05:01:23
183774823,7215.8,0.08319332,True,2018-02-02 05:01:23
183774956,7199.2,0.9972,True,2018-02-02 05:01:27
183774960,7199.2,0.0028,True,2018-02-02 05:01:27
183775005,7202.0002182,0.5,False,2018-02-02 05:01:28
183775009,7202.080188,4.39071536,False,2018-02-02 05:01:28
183775007,7202.0002182,0.19648464,False,2018-02-02 05:01:28
183775235,7188.5,1.0,True,2018-02-02 05:01:33
183775401,7188.4,1.0,True,2018-02-02 05:01:40
183775461,7193.80399938,0.002,False,2018-02-02 05:01:43
183775715,7194.50443793,0.194054,False,2018-02-02 05:01:58
183775712,7193.90406204,0.1,False,2018-02-02 05:01:58
183775710,7193.80399938,0.061274,False,2018-02-02 05:01:58
183775851,7185.5,0.1,True,2018-02-02 05:02:03
183775901,7184.9,0.02497801,False,2018-02-02 05:02:05
183776130,7193.3,0.56894448,False,2018-02-02 05:02:20
183776126,7193.3,0.00585,False,2018-02-02 05:02:20
183776430,7181.2,0.027999999999999997,True,2018-02-02 05:02:42
183776428,7181.3,0.004,True,2018-02-02 05:02:42
183776585,7174.5,0.006,True,2018-02-02 05:02:59
183776860,7156.019617199999,0.08,False,2018-02-02 05:03:17
183776855,7156.019617199999,0.08749783,False,2018-02-02 05:03:17
183776922,7156.3,0.18550736,True,2018-02-02 05:03:25
183776994,7169.943079800001,0.02,True,2018-02-02 05:03:33
183777011,7179.3,0.35283769,False,2018-02-02 05:03:34
183777505,7193.0,0.4,False,2018-02-02 05:04:06
183777603,7199.0,0.4,False,2018-02-02 05:04:09
183777647,7194.0,0.002,False,2018-02-02 05:04:10
183777652,7194.0,0.1,False,2018-02-02 05:04:10
183777660,7194.0,0.002,False,2018-02-02 05:04:10
183777688,7194.0,0.1,False,2018-02-02 05:04:11
183777690,7194.0,1.1151,False,2018-02-02 05:04:11
183777679,7194.0,0.002,False,2018-02-02 05:04:11
183777697,7194.0,1.5512,False,2018-02-02 05:04:11
183777745,7200.0,0.002,False,2018-02-02 05:04:12
183777739,7200.0,2.6720599999999997,False,2018-02-02 05:04:12
183777790,7200.0,0.91354,False,2018-02-02 05:04:13
183777778,7200.0,0.002,False,2018-02-02 05:04:13
183777918,7204.0,0.15735245,False,2018-02-02 05:04:17
183777922,7204.0,0.002,False,2018-02-02 05:04:18
183777952,7201.5509403,0.01220821,True,2018-02-02 05:04:19
183777950,7201.791,0.02872565,True,2018-02-02 05:04:19
183777946,7201.791,0.11755722,True,2018-02-02 05:04:19
183777948,7201.791,0.05305117,True,2018-02-02 05:04:19
183777961,7198.0,0.1,False,2018-02-02 05:04:20
183778032,7198.0,0.49266665,False,2018-02-02 05:04:25
183778938,7189.7079951000005,0.4,False,2018-02-02 05:05:43
183778952,7182.8,0.05911,True,2018-02-02 05:05:43
183778942,7195.2293682,0.19817314,False,2018-02-02 05:05:43
183778943,7197.6,0.2,True,2018-02-02 05:05:43
183778929,7182.8,0.040889999999999996,True,2018-02-02 05:05:43
183778949,7197.6,0.69814686,True,2018-02-02 05:05:43
183778940,7194.589209000001,0.041030000000000004,False,2018-02-02 05:05:43
183778932,7188.1876170000005,0.2,False,2018-02-02 05:05:43
183778934,7188.907796100001,0.57,False,2018-02-02 05:05:43
183778936,7188.987816,0.13895,False,2018-02-02 05:05:43
183779272,7184.5,0.02663762,False,2018-02-02 05:06:07
183779274,7184.5067016,0.10064524,False,2018-02-02 05:06:07
183779233,7184.9868209999995,0.03464885,True,2018-02-02 05:06:07
183779278,7184.6,0.1,True,2018-02-02 05:06:08
183779571,7171.7,0.19279301,True,2018-02-02 05:06:37
183779565,7176.0,0.4,True,2018-02-02 05:06:37
183779569,7173.0,0.3,True,2018-02-02 05:06:37
183779611,7189.7,0.07583747,False,2018-02-02 05:06:39
183779663,7170.8,0.06204908,True,2018-02-02 05:06:42
183779689,7170.8,0.02808905,True,2018-02-02 05:06:45
183779691,7170.8,0.35854377,True,2018-02-02 05:06:45
183780405,7162.0,0.4,True,2018-02-02 05:08:28
183780400,7165.0,0.3,True,2018-02-02 05:08:28
183780390,7169.3,0.1,True,2018-02-02 05:08:28
183780392,7169.0,0.4,True,2018-02-02 05:08:28
183780599,7163.0,5.3236,True,2018-02-02 05:08:35
183780603,7159.0,6.6549,True,2018-02-02 05:08:35
183780742,7157.0,0.32542001,True,2018-02-02 05:08:40
183780748,7157.0,0.635012,True,2018-02-02 05:08:40
183780752,7157.0,0.04573243,True,2018-02-02 05:08:40
183780901,7144.0,0.3,True,2018-02-02 05:08:49
183780908,7139.0,0.3,True,2018-02-02 05:08:49
183781342,7151.4584829,0.00685,False,2018-02-02 05:09:13
183782002,7138.2,0.00193686,False,2018-02-02 05:09:51
183781985,7138.2,0.10111358,False,2018-02-02 05:09:51
183782366,7124.971895999999,0.0114,True,2018-02-02 05:10:16
183782641,7123.0,0.09162715,False,2018-02-02 05:10:51
183783037,7146.0,0.4,False,2018-02-02 05:11:35
183783102,7146.0,0.5,True,2018-02-02 05:11:53
183783399,7135.5,0.10305044,True,2018-02-02 05:12:49
183783495,7125.0,0.4,True,2018-02-02 05:13:14
183783643,7113.0,0.4,True,2018-02-02 05:13:37
183783679,7130.9733885000005,1.99834142,False,2018-02-02 05:13:40
183783671,7129.773090000001,0.49305065,False,2018-02-02 05:13:40
183783669,7129.0529109,1.0,False,2018-02-02 05:13:40
183783675,7130.2532094,0.003,False,2018-02-02 05:13:40
183783673,7129.853109899999,0.015,False,2018-02-02 05:13:40
183783677,7130.9733885000005,0.5,False,2018-02-02 05:13:40
183783915,7129.8,0.2,True,2018-02-02 05:14:30
183783878,7129.773090000001,0.4278,False,2018-02-02 05:14:30
183784174,7155.0,0.3,False,2018-02-02 05:14:50
183784185,7158.0,0.08459739999999999,False,2018-02-02 05:14:51
183784289,7157.0,0.27227842,False,2018-02-02 05:15:06
183784323,7132.0,0.32307774,True,2018-02-02 05:15:07
183784319,7136.0,0.3,True,2018-02-02 05:15:07
183784562,7153.619020199999,0.016,True,2018-02-02 05:15:48
183784754,7152.0,0.08274683,False,2018-02-02 05:16:16
183784757,7152.0,0.0559,False,2018-02-02 05:16:16
183784785,7155.0,0.0567697,False,2018-02-02 05:16:24
183784788,7155.0,0.2798,False,2018-02-02 05:16:24
183784791,7155.0,0.0634303,False,2018-02-02 05:16:25
183785020,7175.9,0.145,False,2018-02-02 05:16:55
183785012,7175.9,0.07178616,False,2018-02-02 05:16:55
183785016,7175.9,0.1,False,2018-02-02 05:16:55
183785026,7175.9,0.133,False,2018-02-02 05:16:55
183785262,7186.8,0.14448796,True,2018-02-02 05:17:19
183785309,7198.4,0.2787018,False,2018-02-02 05:17:22
183785458,7200.0,0.59401309,False,2018-02-02 05:17:29
183785446,7200.0,0.00810007,False,2018-02-02 05:17:29
183785461,7200.0,1.58571,False,2018-02-02 05:17:30
183785606,7201.791,0.6,False,2018-02-02 05:17:37
183785874,7222.0,0.03,False,2018-02-02 05:17:58
183785890,7222.0,0.0624,False,2018-02-02 05:17:58
183785867,7222.0,2.0,False,2018-02-02 05:17:58
183785901,7221.0,0.6,False,2018-02-02 05:17:58
183785881,7222.0,0.1,False,2018-02-02 05:17:58
183785877,7209.1528308,0.0048,True,2018-02-02 05:17:58
183785900,7222.8362337,0.7336,True,2018-02-02 05:17:58
183785862,7222.0,0.6781,False,2018-02-02 05:17:58
183785904,7209.8,0.04,True,2018-02-02 05:17:59
183785929,7221.0,0.04530578,False,2018-02-02 05:17:59
183785994,7220.0,0.0746,False,2018-02-02 05:18:04
183786008,7220.0,0.0665,False,2018-02-02 05:18:05
183786004,7220.0,0.2216,False,2018-02-02 05:18:05
183786017,7220.0,1.1082,False,2018-02-02 05:18:05
183786000,7220.0,0.0121,False,2018-02-02 05:18:05
183786002,7220.0,0.0443,False,2018-02-02 05:18:05
183786015,7220.0,0.024,False,2018-02-02 05:18:05
183786006,7220.0,0.0554,False,2018-02-02 05:18:05
183786011,7220.0,0.0419,False,2018-02-02 05:18:05
183786025,7220.0,0.1108,False,2018-02-02 05:18:06
183786218,7230.2,0.5994,False,2018-02-02 05:18:21
183786240,7233.0,0.5985,False,2018-02-02 05:18:22
183786418,7236.0,0.4,False,2018-02-02 05:18:28
183786416,7235.8,0.1,False,2018-02-02 05:18:28
183786453,7217.79498,0.6,False,2018-02-02 05:18:32
183786469,7217.79498,0.06059303,False,2018-02-02 05:18:32
183786651,7209.8,0.9599,True,2018-02-02 05:18:57
183786691,7209.792990000001,0.03360581,False,2018-02-02 05:19:00
183786702,7209.792990000001,0.11842152,False,2018-02-02 05:19:01
183786954,7228.0,0.0122212,False,2018-02-02 05:19:13
183786987,7227.0,0.1114,False,2018-02-02 05:19:14
183786989,7227.0,0.2219,False,2018-02-02 05:19:14
183787011,7226.5,0.0444,False,2018-02-02 05:19:15
183787032,7225.6,0.555,False,2018-02-02 05:19:16
183787092,7227.0,0.4,False,2018-02-02 05:19:22
183787090,7227.0,1.1883473999999998,False,2018-02-02 05:19:22
183787104,7227.0,0.32962202,False,2018-02-02 05:19:24
183787488,7240.1,0.1,True,2018-02-02 05:20:03
183787492,7240.1,0.5,True,2018-02-02 05:20:04
183787701,7251.0,0.3,False,2018-02-02 05:20:21
183787743,7270.0,0.3,False,2018-02-02 05:20:21
183787720,7260.0,0.3,False,2018-02-02 05:20:21
183787729,7265.0,0.3,False,2018-02-02 05:20:21
183787806,7247.1622833,0.01666997,True,2018-02-02 05:20:28
183788077,7219.0,0.3,True,2018-02-02 05:20:51
183788064,7229.1,0.1,True,2018-02-02 05:20:51
183788075,7220.4,0.1984932,True,2018-02-02 05:20:51
183788290,7218.6751988999995,0.00632,True,2018-02-02 05:21:03
183788288,7218.755218800001,0.005,True,2018-02-02 05:21:03
183788327,7210.0,0.4,True,2018-02-02 05:21:05
183788322,7216.9,0.1,True,2018-02-02 05:21:05
183788330,7208.3,0.11884678,True,2018-02-02 05:21:05
183788361,7218.915258600001,0.048764999999999996,True,2018-02-02 05:21:07
183788813,7201.8710199,0.06779,False,2018-02-02 05:21:36
183789164,7204.0,0.3,False,2018-02-02 05:22:10
183789246,7216.9,0.1,False,2018-02-02 05:22:26
183789242,7215.0,0.3,False,2018-02-02 05:22:26
183789300,7213.0,0.01651,False,2018-02-02 05:22:30
183789303,7213.0,1.65439907,False,2018-02-02 05:22:30
183789318,7209.8730098999995,0.46248745,True,2018-02-02 05:22:31
183789324,7208.2726119,1.1928,True,2018-02-02 05:22:31
183789316,7209.8730098999995,0.02,True,2018-02-02 05:22:31
183789322,7209.4729104,0.005,True,2018-02-02 05:22:31
183789320,7209.792990000001,0.52,True,2018-02-02 05:22:31
183789326,7207.392393000001,0.575,True,2018-02-02 05:22:31
183789350,7212.0,0.03479745,False,2018-02-02 05:22:34
183789346,7207.0,0.05111255,False,2018-02-02 05:22:34
183789729,7217.2,0.08284,False,2018-02-02 05:23:30
183789735,7218.0,1.09101732,False,2018-02-02 05:23:30
183789731,7217.2,0.5171600000000001,False,2018-02-02 05:23:30
183789740,7218.0,0.011000000000000001,False,2018-02-02 05:23:40
183789866,7216.6,0.48,True,2018-02-02 05:23:51
183790144,7206.8,0.02,True,2018-02-02 05:24:48
183790136,7206.8,0.1,True,2018-02-02 05:24:48
183790435,7220.1,0.0111,False,2018-02-02 05:25:24
183790433,7220.1,0.09591099,False,2018-02-02 05:25:24
183790447,7220.1,0.1421,False,2018-02-02 05:25:25
183790451,7220.1,0.0333,False,2018-02-02 05:25:25
183790449,7220.1,0.16386051,False,2018-02-02 05:25:25
183790500,7219.395378,0.00609129,True,2018-02-02 05:25:27
183790502,7219.395378,0.006086,True,2018-02-02 05:25:27
183790507,7219.395378,0.09493488,True,2018-02-02 05:25:28
183790613,7217.79498,0.023187,True,2018-02-02 05:25:35
183790850,7212.0,0.3,False,2018-02-02 05:25:59
183791107,7211.0,0.00094905,False,2018-02-02 05:26:33
183791680,7209.792990000001,0.0389,False,2018-02-02 05:28:00
183791709,7210.2,0.4462715,True,2018-02-02 05:28:02
183791728,7217.0,0.2385,False,2018-02-02 05:28:03
183791731,7217.0,0.0554,False,2018-02-02 05:28:04
183791777,7213.793984999999,1.0,False,2018-02-02 05:28:08
183791793,7221.0,0.09588585,False,2018-02-02 05:28:10
183791796,7221.0,0.30411415,False,2018-02-02 05:28:10
183791804,7225.0,0.4,False,2018-02-02 05:28:10
183792318,7224.0365322,0.02911189,False,2018-02-02 05:29:33
183792320,7225.79697,1.1472456,False,2018-02-02 05:29:33
183792316,7223.3963730000005,1.83,False,2018-02-02 05:29:33
183792450,7204.0,3.46671501,True,2018-02-02 05:29:51
183792743,7228.0,3.5231,False,2018-02-02 05:30:25
183792760,7236.0,0.3,False,2018-02-02 05:30:25
183792769,7239.0,0.3,False,2018-02-02 05:30:25
183792740,7227.3,0.6,False,2018-02-02 05:30:25
183792750,7231.0,0.59322452,False,2018-02-02 05:30:25
183792764,7237.7,0.1,False,2018-02-02 05:30:25
183792748,7231.0,0.3,False,2018-02-02 05:30:25
183792867,7245.0,0.260683,False,2018-02-02 05:30:29
183792876,7249.0,0.3,False,2018-02-02 05:30:29
183792869,7245.0,0.039317000000000005,False,2018-02-02 05:30:29
183792999,7234.599159,4.14108495,True,2018-02-02 05:30:44
183793007,7233.0,1.1059999999999999,False,2018-02-02 05:30:44
183793016,7233.0,0.1,False,2018-02-02 05:30:44
183793001,7233.8789799,0.52303451,True,2018-02-02 05:30:44
183793168,7260.0,0.3,False,2018-02-02 05:30:50
183793195,7239.3203331,0.6,False,2018-02-02 05:30:51
183793231,7257.4,0.5994,False,2018-02-02 05:30:54
183793317,7245.0,0.2,True,2018-02-02 05:31:05
183793347,7241.9,0.165126,True,2018-02-02 05:31:08
183793378,7258.4,0.165126,False,2018-02-02 05:31:09
183793404,7242.8,0.6,True,2018-02-02 05:31:10
183793558,7260.7,0.6,False,2018-02-02 05:31:24
183793634,7251.243298199999,0.07698566,False,2018-02-02 05:31:29
183793644,7251.5,0.1,True,2018-02-02 05:31:29
183793639,7267.4,0.07690867,False,2018-02-02 05:31:29
183793650,7251.6,0.5,True,2018-02-02 05:31:30
183793695,7249.882959899999,0.23644083,False,2018-02-02 05:31:33
183793705,7250.603139,0.016,False,2018-02-02 05:31:34
183793709,7254.7641738,0.07400403,False,2018-02-02 05:31:34
183793707,7250.603139,0.23644046,False,2018-02-02 05:31:34
183793711,7257.1647708,0.02,False,2018-02-02 05:31:34
183793713,7258.6051290000005,0.04535,False,2018-02-02 05:31:34
183793703,7250.603139,0.035769999999999996,False,2018-02-02 05:31:34
183793725,7261.965964800001,0.00328382,False,2018-02-02 05:31:35
183793745,7262.606124,0.2,False,2018-02-02 05:31:36
183793790,7288.38694875,3.017423,True,2018-02-02 05:31:47
183793770,7263.0,0.099877,True,2018-02-02 05:31:47
183793773,7263.0,2.0,True,2018-02-02 05:31:47
183793834,7285.3764626,0.1,True,2018-02-02 05:31:48
183793847,7289.39044413,0.38240186,True,2018-02-02 05:31:49
183793851,7282.36597646,0.15209214,True,2018-02-02 05:31:49
183793849,7285.3764626,0.2,True,2018-02-02 05:31:49
183793845,7289.39044413,0.01759814,True,2018-02-02 05:31:49
183793911,7287.1084003999995,0.1,False,2018-02-02 05:31:55
183793913,7287.1887,0.185,False,2018-02-02 05:31:55
183793916,7283.36947184,0.37663411,True,2018-02-02 05:31:57
183793931,7277.3921488000005,0.51163811,True,2018-02-02 05:32:00
183793929,7278.3557439999995,0.08836189,True,2018-02-02 05:32:00
183793942,7281.0,0.052860000000000004,False,2018-02-02 05:32:02
183793988,7278.0,0.02205023,False,2018-02-02 05:32:07
183794212,7264.4,0.1,True,2018-02-02 05:32:26
183794239,7269.0,0.27570091,False,2018-02-02 05:32:27
183794244,7269.0,0.02429909,False,2018-02-02 05:32:27
183794273,7273.0,0.3,False,2018-02-02 05:32:28
183794270,7264.8,0.5457181999999999,True,2018-02-02 05:32:28
183794319,7265.0,0.1,True,2018-02-02 05:32:34
183794326,7267.2743992,0.75,True,2018-02-02 05:32:35
183794426,7262.4,0.0542818,True,2018-02-02 05:32:44
183794415,7265.3472088,0.36,True,2018-02-02 05:32:44
183794428,7262.3761236,0.8838,True,2018-02-02 05:32:44
183794425,7263.179119600001,0.9258,True,2018-02-02 05:32:44
183794430,7262.295824,1.10584918,True,2018-02-02 05:32:44
183794417,7265.2669092,0.19899999999999998,True,2018-02-02 05:32:44
183794435,7265.0,0.7032189,False,2018-02-02 05:32:45
183794450,7265.0,0.25475386,False,2018-02-02 05:32:46
183794484,7281.0,0.14714000000000002,False,2018-02-02 05:32:50
183794470,7265.0,0.14787642,False,2018-02-02 05:32:50
183794481,7278.0,0.03806939,False,2018-02-02 05:32:50
183794477,7276.9,0.6,False,2018-02-02 05:32:50
183794479,7278.0,0.23988038,False,2018-02-02 05:32:50
183794608,7265.507807999999,0.5,True,2018-02-02 05:33:02
183794616,7265.507807999999,0.5,True,2018-02-02 05:33:02
183794610,7265.507807999999,0.5,True,2018-02-02 05:33:02
183794598,7267.9167959999995,0.00331642,True,2018-02-02 05:33:02
183794606,7265.507807999999,0.5,True,2018-02-02 05:33:02
183794600,7265.507807999999,0.43,True,2018-02-02 05:33:02
183794614,7265.507807999999,0.5,True,2018-02-02 05:33:02
183794618,7265.507807999999,0.5,True,2018-02-02 05:33:02
183794612,7265.507807999999,0.5,True,2018-02-02 05:33:02
183794602,7265.507807999999,0.6,True,2018-02-02 05:33:02
183794604,7265.507807999999,0.22,True,2018-02-02 05:33:02
183794620,7265.507807999999,0.43387283,True,2018-02-02 05:33:02
183794627,7265.0,0.2,True,2018-02-02 05:33:02
183794751,7272.1,0.24221928,True,2018-02-02 05:33:07
183794749,7272.1,0.24638083,True,2018-02-02 05:33:07
183794758,7272.1,0.05444599,True,2018-02-02 05:33:08
183795019,7297.5,0.06583295,False,2018-02-02 05:33:36
183795058,7302.9,0.05732647,False,2018-02-02 05:33:39
183795060,7302.9,0.5507,False,2018-02-02 05:33:39
183795064,7302.9,0.33697353,False,2018-02-02 05:33:39
183795062,7302.9,0.055,False,2018-02-02 05:33:39
183795088,7301.3,0.055,False,2018-02-02 05:33:40
183795086,7301.3,0.13973,False,2018-02-02 05:33:40
183795101,7300.0,0.0624,False,2018-02-02 05:33:41
183795095,7300.7,0.2753,False,2018-02-02 05:33:41
183795848,7295.3,0.59281685,True,2018-02-02 05:34:24
183795871,7306.1,0.2752,False,2018-02-02 05:34:25
183796136,7301.722927600001,0.008,True,2018-02-02 05:34:42
183796412,7305.0,0.05470024,False,2018-02-02 05:35:15
183797439,7296.0,0.1,True,2018-02-02 05:36:39
183797447,7291.3,0.2752,True,2018-02-02 05:36:39
183797580,7287.2,0.1,True,2018-02-02 05:36:48
183797773,7291.0,0.59854069,False,2018-02-02 05:37:05
183797785,7282.0,0.11908183,False,2018-02-02 05:37:06
183797784,7283.173720000001,0.06985251,True,2018-02-02 05:37:06
183797782,7289.035590800001,0.02,True,2018-02-02 05:37:06
183798503,7306.0,0.06272,False,2018-02-02 05:38:27
183798696,7304.0,0.2198,False,2018-02-02 05:38:53
183798692,7304.0,0.0549,False,2018-02-02 05:38:53
183798713,7303.24862,0.08629351,True,2018-02-02 05:38:55
183798711,7303.489518800001,0.00088938,True,2018-02-02 05:38:55
183798981,7302.0,0.2,False,2018-02-02 05:39:29
183799376,7279.158740000001,0.27830746,True,2018-02-02 05:40:04
183799875,7302.0,0.28576104,False,2018-02-02 05:40:57
183800120,7305.0,0.3,False,2018-02-02 05:41:10
183800339,7281.0,0.2,True,2018-02-02 05:41:47
183800341,7280.9,0.04374246,True,2018-02-02 05:41:47
183800362,7274.5,0.59854069,True,2018-02-02 05:41:50
183800360,7276.0,0.2,True,2018-02-02 05:41:50
183800358,7276.8,0.1,True,2018-02-02 05:41:50
183800399,7273.3,0.09699506,True,2018-02-02 05:41:53
183800418,7272.0,0.011059999999999999,True,2018-02-02 05:41:54
183800605,7291.2,0.022000000000000002,False,2018-02-02 05:42:24
183800660,7296.7,0.6,False,2018-02-02 05:42:29
183800743,7276.1,0.51548967,True,2018-02-02 05:42:38
183800781,7279.3,0.08451033,True,2018-02-02 05:42:46
183800840,7272.0,0.17720999999999998,True,2018-02-02 05:42:55
183800877,7295.9,0.27143312,False,2018-02-02 05:42:59
183800875,7291.0,0.2,False,2018-02-02 05:42:59
183800895,7278.3557439999995,0.044164999999999996,False,2018-02-02 05:43:01
183801070,7269.0,0.00113599,False,2018-02-02 05:43:32
183801097,7268.0,0.01004846,False,2018-02-02 05:43:35
183801246,7264.0,0.00782829,True,2018-02-02 05:43:50
183801270,7264.0,0.08407781,True,2018-02-02 05:43:51
183801259,7264.0,0.04783975,True,2018-02-02 05:43:51
183801272,7264.0,0.06025415,True,2018-02-02 05:43:51
183801588,7259.3247388,0.58647889,True,2018-02-02 05:44:20
183801609,7254.0,0.2,True,2018-02-02 05:44:22
183801611,7252.579572399999,0.3404793,True,2018-02-02 05:44:22
183801725,7245.192009199999,0.05091744,True,2018-02-02 05:44:35
183801741,7244.0,0.03428256,True,2018-02-02 05:44:36
183801731,7244.0,0.06571744,True,2018-02-02 05:44:36
183801736,7244.0,0.1,True,2018-02-02 05:44:36
183801767,7239.9,0.1,True,2018-02-02 05:44:39
183801781,7240.0,0.12731229,True,2018-02-02 05:44:39
183801850,7239.8922356,0.33170381,True,2018-02-02 05:44:47
183801840,7242.4618228,0.159,True,2018-02-02 05:44:47
183801848,7242.3815232,0.01,True,2018-02-02 05:44:47
183801842,7242.3815232,0.11,True,2018-02-02 05:44:47
183801844,7242.3815232,0.01,True,2018-02-02 05:44:47
183801846,7242.3815232,0.01,True,2018-02-02 05:44:47
183802174,7233.387968000001,0.00425333,True,2018-02-02 05:45:20
183802199,7233.387968000001,0.06075505,True,2018-02-02 05:45:21
183802210,7233.387968000001,0.00243054,True,2018-02-02 05:45:21
183802201,7233.387968000001,0.033936,True,2018-02-02 05:45:21
183802478,7236.680251600001,0.02,True,2018-02-02 05:45:46
183802476,7237.7241464,0.93318079,True,2018-02-02 05:45:46
183802480,7236.599952,2.97286102,True,2018-02-02 05:45:46
183802640,7234.0303648,0.13110696,True,2018-02-02 05:46:08
183802756,7204.0,0.2,True,2018-02-02 05:46:28
183802819,7195.8,0.13110696,True,2018-02-02 05:46:31
183802881,7205.1,0.25643366,False,2018-02-02 05:46:34
183802907,7188.1,0.1065,True,2018-02-02 05:46:35
183802933,7188.1,0.14993366,True,2018-02-02 05:46:35
183802904,7194.0,0.3,True,2018-02-02 05:46:35
183802982,7188.0,0.3,True,2018-02-02 05:46:39
183803083,7158.93637453,0.6,False,2018-02-02 05:46:43
183803148,7144.39257481,0.6,True,2018-02-02 05:46:44
183803372,7144.7514599999995,0.01790138,False,2018-02-02 05:47:00
183803495,7141.3118685,0.424,False,2018-02-02 05:47:11
183803499,7143.951555,0.03864,False,2018-02-02 05:47:11
183803497,7141.551840000001,0.14665,False,2018-02-02 05:47:11
183803505,7147.151175,5.88771,False,2018-02-02 05:47:11
183803501,7145.471374500001,0.5,False,2018-02-02 05:47:11
183803503,7145.471374500001,0.003,False,2018-02-02 05:47:11
183803670,7147.0711845,0.01728875,False,2018-02-02 05:47:27
183803668,7147.0711845,0.38,False,2018-02-02 05:47:27
183803666,7146.35127,0.2,False,2018-02-02 05:47:27
183803672,7147.151175,6.40271125,False,2018-02-02 05:47:27
183803754,7137.0,0.3,True,2018-02-02 05:47:32
183803806,7139.9520299999995,0.12905,False,2018-02-02 05:47:39
183803810,7144.671469499999,0.5,False,2018-02-02 05:47:39
183803812,7144.8314505,0.6,False,2018-02-02 05:47:39
183803816,7148.431023,0.00336323,False,2018-02-02 05:47:39
183803804,7137.552315000001,0.03210509,False,2018-02-02 05:47:39
183803802,7135.952504999999,0.59303163,False,2018-02-02 05:47:39
183803820,7151.0707095,0.24812418,False,2018-02-02 05:47:39
183803814,7146.2712795,0.172,False,2018-02-02 05:47:39
183803818,7150.2708045,0.00335871,False,2018-02-02 05:47:39
183803808,7141.071897,0.32799999999999996,False,2018-02-02 05:47:39
183804023,7124.0,0.3,True,2018-02-02 05:47:52
183804019,7128.0,0.3,True,2018-02-02 05:47:52
183804246,7153.1,0.055029999999999996,False,2018-02-02 05:48:31
183804244,7153.1,0.02563209,False,2018-02-02 05:48:31
183804275,7153.1,0.01933791,False,2018-02-02 05:48:31
183804492,7159.7,0.1,False,2018-02-02 05:48:42
183804564,7155.950129999999,0.00696384,True,2018-02-02 05:48:49
183804562,7159.389721500001,0.02,True,2018-02-02 05:48:49
183804568,7154.990244,0.015,True,2018-02-02 05:48:49
183804558,7160.1896265000005,1.0,True,2018-02-02 05:48:49
183804573,7153.6,0.6606,False,2018-02-02 05:48:49
183804572,7154.3503200000005,0.02310234,True,2018-02-02 05:48:49
183804560,7159.469712,0.6606,True,2018-02-02 05:48:49
183804570,7154.990244,0.018000000000000002,True,2018-02-02 05:48:49
183804576,7153.6,0.06655084,False,2018-02-02 05:48:49
183804566,7155.2302155,0.5,True,2018-02-02 05:48:49
183804578,7153.6,0.01534493,False,2018-02-02 05:48:49
183804619,7171.0,0.3,False,2018-02-02 05:48:51
183804610,7169.1,0.03602238,False,2018-02-02 05:48:51
183804649,7170.8,0.08972348,False,2018-02-02 05:48:53
183804660,7171.5,0.47425414,False,2018-02-02 05:48:55
183804671,7155.5,0.595039,True,2018-02-02 05:48:55
183804777,7159.0,0.3,True,2018-02-02 05:49:10
183804849,7157.5,0.1,True,2018-02-02 05:49:18
183804911,7153.9,0.1,True,2018-02-02 05:49:23
183805551,7156.6,0.06646378,False,2018-02-02 05:50:38
183805662,7139.3,0.07142478,True,2018-02-02 05:50:45
183805711,7143.0,0.17845153,False,2018-02-02 05:50:52
183805894,7145.0,0.9999697,False,2018-02-02 05:51:20
183805881,7145.0,0.02456,False,2018-02-02 05:51:20
183805896,7145.0,0.3335303,False,2018-02-02 05:51:20
183805884,7145.0,0.028370299999999998,False,2018-02-02 05:51:20
183805898,7145.0,0.055999999999999994,False,2018-02-02 05:51:20
183805888,7145.0,0.6303,False,2018-02-02 05:51:20
183805890,7145.0,1.9892,False,2018-02-02 05:51:20
183805886,7145.0,0.0112,False,2018-02-02 05:51:20
183805908,7145.0,0.44799999999999995,False,2018-02-02 05:51:21
183805920,7145.0,0.6347,False,2018-02-02 05:51:21
183805922,7145.0,0.6349,False,2018-02-02 05:51:21
183805918,7145.0,0.6349,False,2018-02-02 05:51:21
183805933,7144.5114885,2.4,True,2018-02-02 05:51:22
183805931,7144.9914315,0.253,True,2018-02-02 05:51:22
183805928,7145.0,0.01,False,2018-02-02 05:51:22
183805925,7145.0,0.0285,False,2018-02-02 05:51:22
183805935,7144.431498000001,0.038,True,2018-02-02 05:51:22
183805937,7144.431498000001,0.2558,True,2018-02-02 05:51:22
183806012,7142.9116785,0.19,False,2018-02-02 05:51:34
183806019,7143.071659499999,0.00223325,False,2018-02-02 05:51:36
183806017,7143.071659499999,1.04032836,False,2018-02-02 05:51:36
183806021,7143.15165,5.95743839,False,2018-02-02 05:51:36
183806117,7143.15165,0.03914,False,2018-02-02 05:51:50
183806115,7143.15165,0.43970697,False,2018-02-02 05:51:50
183806183,7151.0,0.10373813,True,2018-02-02 05:51:56
183806223,7153.0,0.03556139,True,2018-02-02 05:52:00
183806400,7158.0,1.77713457,True,2018-02-02 05:52:28
183806740,7138.0,0.11298167,True,2018-02-02 05:53:11
183806749,7139.0,0.3,True,2018-02-02 05:53:11
183806738,7138.0,0.18701833,True,2018-02-02 05:53:11
183806851,7126.0,0.3,True,2018-02-02 05:53:24
183807264,7122.0,0.3,True,2018-02-02 05:54:04
183807323,7137.4,0.01,False,2018-02-02 05:54:06
183807635,7125.55374,1.86900909,False,2018-02-02 05:54:28
183807637,7126.1136735,0.08111822,False,2018-02-02 05:54:28
183807999,7120.0343955,0.59,True,2018-02-02 05:54:47
183808356,7101.55659,0.26977894,False,2018-02-02 05:55:08
183808381,7100.9,0.04334156,True,2018-02-02 05:55:10
183808389,7100.0,0.01,True,2018-02-02 05:55:10
183808553,7094.4,0.28714928,True,2018-02-02 05:55:17
183808642,7111.0,0.3,False,2018-02-02 05:55:23
183808664,7115.0,0.047,False,2018-02-02 05:55:24
183809862,7110.0,0.3,False,2018-02-02 05:57:19
183810233,7103.0,0.3,True,2018-02-02 05:58:17
183810681,7088.75811,2.9977099999999997,True,2018-02-02 05:58:59
183810701,7102.2,0.6,False,2018-02-02 05:59:02
183810756,7103.1564,0.411332,True,2018-02-02 05:59:11
183810774,7100.7,0.60556551,False,2018-02-02 05:59:15
183810889,7100.7,0.09488064,False,2018-02-02 05:59:39
183810928,7096.2,0.0537394,True,2018-02-02 05:59:43
183810955,7097.3,0.5462606,True,2018-02-02 05:59:50
183811000,7097.557065000001,0.0108,False,2018-02-02 05:59:58
183811170,7104.0,0.3,False,2018-02-02 06:00:24
183811174,7105.0,0.3,False,2018-02-02 06:00:24
183811369,7099.2368655,0.0063,True,2018-02-02 06:00:54
183811578,7095.2373405,0.00589391,True,2018-02-02 06:01:37
183811622,7094.0,0.3,True,2018-02-02 06:01:47
183811868,7103.0,0.061489999999999996,False,2018-02-02 06:02:27
183811890,7103.0,0.05707982,False,2018-02-02 06:02:31
183811932,7110.0,0.51280446,False,2018-02-02 06:02:36
183811984,7109.0,0.01415732,False,2018-02-02 06:02:44
183811987,7109.0,1.87994268,False,2018-02-02 06:02:44
183811978,7109.0,1.1061,False,2018-02-02 06:02:44
183812127,7114.0,1.1247,False,2018-02-02 06:02:54
183812151,7113.0,0.1,True,2018-02-02 06:02:57
183812153,7113.0,0.04398505,True,2018-02-02 06:02:57
183812149,7112.0,0.0217387,True,2018-02-02 06:02:57
