id,exchange,symbol,date,price,amount,sell
183601815,bf,btceur,1517529608000,7349.6,0.004568,false
183601825,bf,btceur,1517529609000,7354.68045,0.01,true
183601823,bf,btceur,1517529609000,7354.68045,0.004568,true
183601833,bf,btceur,1517529610000,7354.6,0.10239467,false
183601904,bf,btceur,1517529626000,7343.4075,0.08658,false
183601906,bf,btceur,1517529626000,7343.80725,0.20492,false
183602055,bf,btceur,1517529638000,7356,0.3,false
183602057,bf,btceur,1517529638000,7357.9,0.08800745,false
183602052,bf,btceur,1517529638000,7355.8,0.1,false
183602064,bf,btceur,1517529639000,7343.16765,0.08800745,false
183602333,bf,btceur,1517529675000,7352.28195,0.002,true
183602610,bf,btceur,1517529715000,7351.32020012,0.3,true
183602612,bf,btceur,1517529715000,7351.32020012,0.3,true
183602618,bf,btceur,1517529715000,7348.32170106,0.3,true
183602629,bf,btceur,1517529715000,7339.32620388,0.3,true
183602624,bf,btceur,1517529715000,7344.32370231,0.3,true
183602627,bf,btceur,1517529715000,7339.82595372,0.1,true
183602676,bf,btceur,1517529720000,7338.85449,0.0048853,true
183602733,bf,btceur,1517529727000,7338.9344,0.07,false
183602739,bf,btceur,1517529727000,7340.37278,0.20257907,false
183602735,bf,btceur,1517529727000,7339.65359,0.4,false
183602731,bf,btceur,1517529727000,7338.9344,0.02128686,false
183602737,bf,btceur,1517529727000,7339.65359,0.6,false
183602772,bf,btceur,1517529731000,7361.9,0.59991199,false
183602835,bf,btceur,1517529739000,7339.9,0.17195274,true
183602844,bf,btceur,1517529741000,7339.9,0.42,true
183602895,bf,btceur,1517529756000,7339.89332,0.24144869,false
183603483,bf,btceur,1517529871000,7334.7,1,true
183604043,bf,btceur,1517529902000,7311.765,0.59195274,true
183604261,bf,btceur,1517529915000,7300,0.01,true
183604272,bf,btceur,1517529916000,7297.7,0.1,true
183604431,bf,btceur,1517529924000,7296.5821,0.01519059,false
183604435,bf,btceur,1517529924000,7292.1,0.5,true
183606831,bf,btceur,1517530030000,7271.81,0.01283274,true
183607192,bf,btceur,1517530056000,7271.81,0.6,true
183607716,bf,btceur,1517530085000,7251.9,0.01,true
183607743,bf,btceur,1517530085000,7251.9,0.0107854,true
183607860,bf,btceur,1517530090000,7251.5,0.13526315,true
183607846,bf,btceur,1517530090000,7251.4,0.28830171,true
183607841,bf,btceur,1517530090000,7251.4,0.07630981,true
183607843,bf,btceur,1517530090000,7251.4,0.07933993,true
183608191,bf,btceur,1517530121000,7249,0.4,false
183608405,bf,btceur,1517530128000,7268.5,0.1,false
183608407,bf,btceur,1517530129000,7269,0.3,false
183608734,bf,btceur,1517530141000,7279.8,0.1,false
183608736,bf,btceur,1517530141000,7280,0.29626701,false
183608846,bf,btceur,1517530144000,7290,0.6,false
183608902,bf,btceur,1517530146000,7287.792,0.06004,true
183608985,bf,btceur,1517530149000,7295,0.3,false
183608994,bf,btceur,1517530149000,7298,0.3,false
183610102,bf,btceur,1517530211000,7251.2,0.6,true
183610141,bf,btceur,1517530222000,7250.2343,0.00200401,false
183610415,bf,btceur,1517530228000,7238,0.1,true
183610413,bf,btceur,1517530228000,7238,0.1281655,true
183610538,bf,btceur,1517530234000,7242,0.01,true
183610911,bf,btceur,1517530250000,7238,0.0718345,true
183611021,bf,btceur,1517530255000,7237,0.09051803,true
183611023,bf,btceur,1517530255000,7237,0.01001,true
183611319,bf,btceur,1517530277000,7241.2,0.9,true
183611292,bf,btceur,1517530277000,7241.2,0.1,true
183611721,bf,btceur,1517530291000,7249,0.15451822,true
183611717,bf,btceur,1517530291000,7253,0.4,true
183611792,bf,btceur,1517530294000,7249,0.04048092,true
183611802,bf,btceur,1517530295000,7249,0.0638704,true
183611799,bf,btceur,1517530295000,7249,0.04113046,true
183612006,bf,btceur,1517530305000,7253,0.01369416,true
183612011,bf,btceur,1517530306000,7253,0.05421,true
183612033,bf,btceur,1517530308000,7253,0.33209584,true
183612050,bf,btceur,1517530310000,7249,0.29710802,true
183612056,bf,btceur,1517530310000,7249,0.01006978,true
183612061,bf,btceur,1517530311000,7249,0.00416407,true
183612101,bf,btceur,1517530312000,7249,0.03914774,true
183612271,bf,btceur,1517530335000,7248,0.4,true
183612509,bf,btceur,1517530346000,7244.40087,1,false
183612563,bf,btceur,1517530353000,7243.12231,0.01084665,false
183612559,bf,btceur,1517530353000,7242.40312,0.2,false
183612557,bf,btceur,1517530353000,7242.2433,0.08824,false
183612549,bf,btceur,1517530353000,7241.92366,0.4,false
183612555,bf,btceur,1517530353000,7242.2433,0.2,false
183612561,bf,btceur,1517530353000,7242.96249,0.004,false
183612551,bf,btceur,1517530353000,7242.16339,0.03,false
183612553,bf,btceur,1517530353000,7242.2433,0.06691335,false
183612591,bf,btceur,1517530355000,7243.12231,0.58915335,false
183612583,bf,btceur,1517530355000,7241.4442,0.14815,false
183612589,bf,btceur,1517530355000,7242.2433,0.2,false
183612593,bf,btceur,1517530355000,7244.80042,0.4,false
183612587,bf,btceur,1517530355000,7242.2433,0.08824,false
183612585,bf,btceur,1517530355000,7241.92366,0.6,false
183612595,bf,btceur,1517530355000,7245.4397,0.04403532,false
183613454,bf,btceur,1517530428000,7240,0.36534825,false
183614116,bf,btceur,1517530472000,7231.855,0.01361965,true
183614627,bf,btceur,1517530510000,7212,0.3,true
183614620,bf,btceur,1517530510000,7215.8,1,true
183614759,bf,btceur,1517530513000,7211.9,0.08434,true
183614754,bf,btceur,1517530513000,7211.8775,0.08702197,false
183615212,bf,btceur,1517530534000,7206.92308,1,false
183615469,bf,btceur,1517530545000,7211.95741,0.06928511,false
183615710,bf,btceur,1517530564000,7210.2,0.51974505,true
183615793,bf,btceur,1517530567000,7210.2,0.01012661,true
183616007,bf,btceur,1517530579000,7224,0.1,false
183616058,bf,btceur,1517530580000,7204,0.3,true
183616399,bf,btceur,1517530609000,7219.8685,0.0821642,true
183616666,bf,btceur,1517530629000,7228,0.4,false
183616662,bf,btceur,1517530629000,7227.5,0.58638035,false
183616738,bf,btceur,1517530631000,7232,0.4,false
183616857,bf,btceur,1517530635000,7236,0.4,false
183618058,bf,btceur,1517530688000,7245.6,0.56680533,true
183618057,bf,btceur,1517530688000,7245.59952,0.03319467,false
183618071,bf,btceur,1517530688000,7232,0.4,true
183618313,bf,btceur,1517530697000,7239.846,0.01259,false
183618420,bf,btceur,1517530709000,7232,0.3,true
183618453,bf,btceur,1517530711000,7229.9,0.1,true
183618485,bf,btceur,1517530713000,7229,0.1,true
183618514,bf,btceur,1517530714000,7229,0.041589,true
183618539,bf,btceur,1517530715000,7229,0.13416633,true
183618535,bf,btceur,1517530715000,7229,0.02424467,true
183618550,bf,btceur,1517530716000,7225,0.197,true
183618558,bf,btceur,1517530717000,7225,0.06799241,true
183618587,bf,btceur,1517530718000,7225,0.13500759,true
183619636,bf,btceur,1517530808000,7226,0.14225517,true
183619675,bf,btceur,1517530810000,7226,0.25774483,true
183619697,bf,btceur,1517530811000,7223.9,0.64708864,true
183619694,bf,btceur,1517530811000,7223.9,0.23644981,true
183619719,bf,btceur,1517530812000,7223.9,0.11646155,true
183620023,bf,btceur,1517530839000,7222.5,0.1,true
183620121,bf,btceur,1517530845000,7232,0.4,false
183620111,bf,btceur,1517530845000,7230.2,0.59996681,false
183620139,bf,btceur,1517530846000,7217.1,0.09,true
183620178,bf,btceur,1517530850000,7217.1,0.51,true
183620578,bf,btceur,1517530881000,7210,0.1,true
183621691,bf,btceur,1517530983000,7241,0.02,true
183621698,bf,btceur,1517530983000,7241,0.04002,true
183621705,bf,btceur,1517530983000,7241,0.19998,true
183621741,bf,btceur,1517530986000,7236.9,0.7,true
183622045,bf,btceur,1517531014000,7222.1,0.33392972,true
183623167,bf,btceur,1517531109000,7203.96641,1,false
183623343,bf,btceur,1517531113000,7202.2883,0.01824981,false
183623466,bf,btceur,1517531118000,7200,0.01,true
183623811,bf,btceur,1517531130000,7196.37496,0.0098,false
183623809,bf,btceur,1517531130000,7196.37496,0.004,false
183624264,bf,btceur,1517531141000,7192.5,0.51253951,false
183624382,bf,btceur,1517531152000,7175,0.1,true
183624330,bf,btceur,1517531152000,7179.59386,0.0089,true
183625672,bf,btceur,1517531186000,7152.58428,0.00801603,false
183625718,bf,btceur,1517531187000,7152.66419,0.002,false
183625764,bf,btceur,1517531188000,7150,0.05,true
183625772,bf,btceur,1517531188000,7146.7,1.145,true
183626049,bf,btceur,1517531203000,7144.9,0.005338,true
183626051,bf,btceur,1517531203000,7144.9,0.37,true
183626053,bf,btceur,1517531203000,7144.9,0.13720151,true
183626716,bf,btceur,1517531236000,7147,0.4,false
183626712,bf,btceur,1517531236000,7146,0.4,false
183626731,bf,btceur,1517531236000,7158.1,0.6,false
183626724,bf,btceur,1517531236000,7155,0.4,false
183626718,bf,btceur,1517531236000,7150,0.3,false
183626729,bf,btceur,1517531236000,7158,0.3,false
183626819,bf,btceur,1517531238000,7145.7,0.29168438,true
183626822,bf,btceur,1517531238000,7145.7,0.176736,true
183626933,bf,btceur,1517531242000,7148.7486,0.6,true
183626937,bf,btceur,1517531242000,7145.5522,1,true
183626935,bf,btceur,1517531242000,7145.5522,0.6,true
183626923,bf,btceur,1517531242000,7156.02041,1.9922,true
183626951,bf,btceur,1517531242000,7156.02041,0.03626376,true
183626941,bf,btceur,1517531242000,7144.7531,11.53420353,true
183626927,bf,btceur,1517531242000,7149.78743,0.004,true
183626929,bf,btceur,1517531242000,7149.62761,0.5,true
183626925,bf,btceur,1517531242000,7155.9405,0.3,true
183626931,bf,btceur,1517531242000,7149.5477,0.6,true
183626939,bf,btceur,1517531242000,7144.83301,1.022242,true
183626953,bf,btceur,1517531242000,7156.02041,0.03924754,true
183626965,bf,btceur,1517531243000,7145.6,0.5725,false
183626954,bf,btceur,1517531243000,7150,0.13157962,true
183626962,bf,btceur,1517531243000,7144.83301,0.36540908,true
183627061,bf,btceur,1517531255000,7158,0.3,false
183627102,bf,btceur,1517531255000,7157.61861,0.01999,true
183627095,bf,btceur,1517531255000,7163,0.4,false
183627059,bf,btceur,1517531255000,7154,0.3,false
183627180,bf,btceur,1517531256000,7167,0.23236534,false
183627315,bf,btceur,1517531259000,7171,0.3,false
183627312,bf,btceur,1517531259000,7167,0.16763466,false
183627477,bf,btceur,1517531261000,7177.3,0.6,false
183627863,bf,btceur,1517531269000,7182.7,0.6,true
183628227,bf,btceur,1517531279000,7204,0.3,false
183628233,bf,btceur,1517531279000,7208,0.3,false
183628219,bf,btceur,1517531279000,7200,0.3,false
183628239,bf,btceur,1517531279000,7210,0.6,false
183628284,bf,btceur,1517531281000,7194.4,0.0323,true
183628458,bf,btceur,1517531286000,7213,0.3,false
183628463,bf,btceur,1517531286000,7217,0.3,false
183628730,bf,btceur,1517531303000,7204,0.02021283,true
183628713,bf,btceur,1517531303000,7204,0.1,true
183628874,bf,btceur,1517531306000,7206.5,0.04651839,true
183628870,bf,btceur,1517531306000,7206.5,0.39848755,true
183629296,bf,btceur,1517531324000,7215,0.3,true
183629370,bf,btceur,1517531327000,7223,0.59751877,false
183629408,bf,btceur,1517531329000,7217.8,0.1,true
183629589,bf,btceur,1517531334000,7251,0.3,false
183629578,bf,btceur,1517531334000,7242,0.2,false
183629583,bf,btceur,1517531334000,7246,0.3,false
183629652,bf,btceur,1517531337000,7215.873,0.5,false
183629896,bf,btceur,1517531357000,7220,0.1,true
183629860,bf,btceur,1517531357000,7220.90733,0.297,false
183629933,bf,btceur,1517531357000,7220,0.00053964,true
183629959,bf,btceur,1517531359000,7220,0.06288875,true
183629966,bf,btceur,1517531359000,7220,0.03657161,true
183630050,bf,btceur,1517531364000,7214,0.002,true
183630056,bf,btceur,1517531365000,7214,0.002,true
183630052,bf,btceur,1517531365000,7214,0.092,true
183630058,bf,btceur,1517531365000,7214,0.202,true
183630054,bf,btceur,1517531365000,7214,0.002,true
183630166,bf,btceur,1517531370000,7209,0.3,true
183630212,bf,btceur,1517531371000,7204,0.07785427,true
183630216,bf,btceur,1517531371000,7204,0.02779103,true
183630294,bf,btceur,1517531375000,7204,0.00192146,true
183630282,bf,btceur,1517531375000,7204,0.09043324,true
183630289,bf,btceur,1517531375000,7204,0.002,true
183630311,bf,btceur,1517531376000,7200,0.3,true
183630315,bf,btceur,1517531376000,7195,0.1,true
183630318,bf,btceur,1517531376000,7194,0.3,true
183630541,bf,btceur,1517531384000,7188,0.2,true
183630533,bf,btceur,1517531384000,7188,0.1,true
183630602,bf,btceur,1517531386000,7182,0.16825166,true
183630610,bf,btceur,1517531387000,7182,0.03174834,true
183630606,bf,btceur,1517531387000,7182,0.1,true
183630772,bf,btceur,1517531390000,7176,0.24818539,true
183630742,bf,btceur,1517531390000,7176,0.05181461,true
183631158,bf,btceur,1517531410000,7167.7,0.1,true
183631953,bf,btceur,1517531435000,7175.918,0.004,true
183631932,bf,btceur,1517531435000,7165.5297,0.0194,true
183631930,bf,btceur,1517531435000,7165.5297,0.003,true
183632579,bf,btceur,1517531464000,7201,0.3,false
183632826,bf,btceur,1517531472000,7206,0.3,false
183632829,bf,btceur,1517531472000,7213,0.4,false
183633234,bf,btceur,1517531485000,7193.3,0.1,true
183634908,bf,btceur,1517531568000,7179.6704018,0.0146779,true
183636539,bf,btceur,1517531647000,7172.4740198,5.05,false
183636543,bf,btceur,1517531647000,7172.4740198,0.004,false
183636535,bf,btceur,1517531647000,7172.4740198,0.72696465,false
183636531,bf,btceur,1517531647000,7172.4740198,0.4,false
183636541,bf,btceur,1517531647000,7172.4740198,0.2,false
183636545,bf,btceur,1517531647000,7172.4740198,0.00285666,false
183636549,bf,btceur,1517531647000,7173.193658,0.07807869,false
183636533,bf,btceur,1517531647000,7172.4740198,1.2953,false
183636537,bf,btceur,1517531647000,7172.4740198,1,false
183636547,bf,btceur,1517531647000,7172.4740198,2.49,false
183636809,bf,btceur,1517531660000,7170.5549846,2.4023,false
183636807,bf,btceur,1517531660000,7170.4750248,0.5,false
183636873,bf,btceur,1517531674000,7170.7,2.47,true
183636877,bf,btceur,1517531674000,7170.7,0.01117,true
183636875,bf,btceur,1517531674000,7170.7,0.01980495,true
183636905,bf,btceur,1517531675000,7170.7,0.3,true
183636929,bf,btceur,1517531676000,7170.7,0.14675,true
183636926,bf,btceur,1517531676000,7170.7,0.00509906,true
183636935,bf,btceur,1517531676000,7170.7,0.03543996,true
183636933,bf,btceur,1517531676000,7170.7,0.00806715,true
183637065,bf,btceur,1517531683000,7183.188633,1.7,false
183637059,bf,btceur,1517531683000,7178.8708038,0.01451127,false
183637061,bf,btceur,1517531683000,7179.590442,0.05855,false
183637069,bf,btceur,1517531683000,7184.3080702,0.0857,false
183637071,bf,btceur,1517531683000,7185.0277084,0.53783873,false
183637067,bf,btceur,1517531683000,7183.588432,0.1,false
183637063,bf,btceur,1517531683000,7181.189638,0.1179,false
183637181,bf,btceur,1517531691000,7184.8,0.5995,false
183637270,bf,btceur,1517531701000,7177.991246,0.1298,false
183637272,bf,btceur,1517531701000,7177.991246,0.00338976,false
183637274,bf,btceur,1517531701000,7177.991246,0.45081024,false
183637268,bf,btceur,1517531701000,7177.991246,0.016,false
183637342,bf,btceur,1517531709000,7187,0.75223,false
183637475,bf,btceur,1517531720000,7177.191648,0.09162,false
183637479,bf,btceur,1517531720000,7177.991246,0.13575,false
183637477,bf,btceur,1517531720000,7177.991246,0.2,false
183637481,bf,btceur,1517531720000,7178.7108842,1.70823,false
183639485,bf,btceur,1517531853000,7150,0.19741585,false
183639514,bf,btceur,1517531853000,7150,0.09258415,false
183639438,bf,btceur,1517531853000,7150,0.01,false
183639593,bf,btceur,1517531855000,7150,0.08377989,false
183639581,bf,btceur,1517531855000,7150,0.31622011,false
183639756,bf,btceur,1517531865000,7152,0.3,false
183639855,bf,btceur,1517531870000,7154.8,1,false
183639908,bf,btceur,1517531872000,7155.3626226,0.04115312,true
183639912,bf,btceur,1517531872000,7156,0.3,false
183639964,bf,btceur,1517531874000,7161,0.07,false
183639974,bf,btceur,1517531874000,7162,0.3,false
183639956,bf,btceur,1517531874000,7161,0.1,false
183639968,bf,btceur,1517531874000,7161,3.1956,false
183639981,bf,btceur,1517531874000,7163.2,0.1,false
183639984,bf,btceur,1517531874000,7163.9,1,false
183639948,bf,btceur,1517531874000,7156.0822608,0.04125604,true
183640004,bf,btceur,1517531875000,7150.005316,0.003,true
183640000,bf,btceur,1517531875000,7150.005316,2.97226813,true
183639992,bf,btceur,1517531875000,7156.8818588,0.4,true
183639990,bf,btceur,1517531875000,7156.8818588,0.6,true
183640006,bf,btceur,1517531875000,7149.2856778,5.53175439,true
183639994,bf,btceur,1517531875000,7156.8818588,0.4,true
183640002,bf,btceur,1517531875000,7150.005316,2,true
183640010,bf,btceur,1517531875000,7149.2856778,3.98704722,true
183639998,bf,btceur,1517531875000,7150.0852758,0.5,true
183639996,bf,btceur,1517531875000,7156.0822608,0.54683329,true
183640008,bf,btceur,1517531875000,7149.2856778,0.004,true
183640121,bf,btceur,1517531879000,7159,0.04500038,false
183640163,bf,btceur,1517531883000,7159,2.58829962,false
183640370,bf,btceur,1517531894000,7171,1.71336691,false
183640413,bf,btceur,1517531897000,7175,0.1,false
183640419,bf,btceur,1517531908000,7177.3,0.15278199,false
183640555,bf,btceur,1517531909000,7176.6,0.1,false
183640600,bf,btceur,1517531910000,7176.6,0.1,false
183640868,bf,btceur,1517531926000,7176.3,0.006147,false
183640930,bf,btceur,1517531929000,7180.2,0.44661801,false
183640925,bf,btceur,1517531929000,7178,0.035427,false
183641276,bf,btceur,1517531951000,7192.3,0.2,false
183641291,bf,btceur,1517531951000,7197.8,0.5,false
183641269,bf,btceur,1517531951000,7188.3,0.1,false
183641394,bf,btceur,1517531955000,7186.8,0.054,true
183641598,bf,btceur,1517531970000,7212.3,0.054,false
183641661,bf,btceur,1517531972000,7195,0.6,true
183641895,bf,btceur,1517531983000,7206,0.17013471,false
183642223,bf,btceur,1517532006000,7206,0.01957958,true
183642221,bf,btceur,1517532006000,7206,0.1,true
183642242,bf,btceur,1517532008000,7206,0.08042042,true
183642240,bf,btceur,1517532008000,7206,0.1,true
183642379,bf,btceur,1517532031000,7207,0.06,true
183642399,bf,btceur,1517532032000,7207,0.06,true
183642459,bf,btceur,1517532035000,7207,0.18,true
183642585,bf,btceur,1517532044000,7193.2,0.1,true
183642581,bf,btceur,1517532044000,7196,0.3,true
183642613,bf,btceur,1517532045000,7198.780794,0.277,false
183642607,bf,btceur,1517532045000,7198.6208744,0.5,false
183642609,bf,btceur,1517532045000,7198.7008342,1.4961,false
183642615,bf,btceur,1517532045000,7200.4599498,1.2773,false
183642611,bf,btceur,1517532045000,7198.7008342,0.71,false
183642605,bf,btceur,1517532045000,7197.981196,1,false
183642873,bf,btceur,1517532055000,7173.5,0.12127116,true
183642841,bf,btceur,1517532055000,7170,0.3,true
183642870,bf,btceur,1517532055000,7182.1,0.1,true
183642832,bf,btceur,1517532055000,7176,0.3,true
183642829,bf,btceur,1517532055000,7176.7,0.2,true
183642843,bf,btceur,1517532055000,7168.8,1,true
183642818,bf,btceur,1517532055000,7186.5,0.1,true
183642853,bf,btceur,1517532055000,7163,0.3,true
183642822,bf,btceur,1517532055000,7182,0.3,true
183642900,bf,btceur,1517532056000,7171.4345424,0.1,false
183643118,bf,btceur,1517532064000,7157,0.3,true
183643167,bf,btceur,1517532066000,7165.197678,0.016,false
183643165,bf,btceur,1517532066000,7164.4780398,0.80991632,false
183643182,bf,btceur,1517532067000,7167,0.100559,true
183643231,bf,btceur,1517532069000,7167,0.93188448,true
183643233,bf,btceur,1517532069000,7167,0.0526,true
183643245,bf,btceur,1517532070000,7167,0.0736488,true
183643243,bf,btceur,1517532070000,7167,0.01605935,true
183643247,bf,btceur,1517532070000,7167,1.31479846,true
183643237,bf,btceur,1517532070000,7167,0.03380027,true
183645255,bf,btceur,1517532223000,7156.4820598,0.01456,false
183645353,bf,btceur,1517532233000,7173.2,0.6,false
183645356,bf,btceur,1517532233000,7174,0.3,false
183645350,bf,btceur,1517532233000,7169.5,0.1,false
183645465,bf,btceur,1517532241000,7162.9,0.16026672,true
183645464,bf,btceur,1517532241000,7162.798884,0.0413,false
183645535,bf,btceur,1517532255000,7165.2776378,0.39847458,false
183645648,bf,btceur,1517532267000,7177.191648,0.6,true
183645659,bf,btceur,1517532269000,7177,0.27,false
183646737,bf,btceur,1517532400000,7149.2856778,0.0247,false
183647032,bf,btceur,1517532419000,7149.205718,0.59960153,true
183647338,bf,btceur,1517532435000,7149.205718,0.6,true
183647561,bf,btceur,1517532440000,7149.205718,0.6,true
183647661,bf,btceur,1517532446000,7149.205718,0.5604,true
183647757,bf,btceur,1517532451000,7149.205718,0.4,true
183647893,bf,btceur,1517532459000,7149.205718,0.3751,true
183647913,bf,btceur,1517532460000,7149.205718,0.05,true
183648032,bf,btceur,1517532466000,7149.205718,0.4,true
183648135,bf,btceur,1517532472000,7150,0.04323666,false
183648133,bf,btceur,1517532472000,7150,0.35676334,false
183648161,bf,btceur,1517532473000,7149.2856778,0.01821032,false
183648163,bf,btceur,1517532473000,7149.2856778,0.58178968,false
183648189,bf,btceur,1517532474000,7149.205718,0.01022188,true
183648532,bf,btceur,1517532499000,7164.1,0.1,false
183648535,bf,btceur,1517532499000,7165,1.26861,false
183648609,bf,btceur,1517532502000,7165,0.30378,false
183648655,bf,btceur,1517532504000,7165,1.90511,false
183649133,bf,btceur,1517532527000,7181,0.1,false
183649190,bf,btceur,1517532531000,7181,0.69975452,false
183649245,bf,btceur,1517532533000,7181,0.19584567,false
183649623,bf,btceur,1517532557000,7164,0.05,true
183649621,bf,btceur,1517532557000,7164,0.002,true
183649645,bf,btceur,1517532558000,7164,0.024801,true
183649657,bf,btceur,1517532558000,7164,0.14324669,true
183649655,bf,btceur,1517532558000,7164,0.002,true
183649659,bf,btceur,1517532558000,7164,0.05981221,true
183649642,bf,btceur,1517532558000,7164,0.002,true
183649653,bf,btceur,1517532558000,7164,0.0161401,true
183650626,bf,btceur,1517532626000,7161,0.21417326,false
183651088,bf,btceur,1517532665000,7155,0.3,true
183651086,bf,btceur,1517532665000,7155,0.2,true
183651195,bf,btceur,1517532676000,7150.804914,0.05741,false
183651199,bf,btceur,1517532676000,7150.9648336,0.04246556,false
183651197,bf,btceur,1517532676000,7150.8848738,0.03,false
183652646,bf,btceur,1517532764000,7149.205718,0.33,true
183653048,bf,btceur,1517532787000,7149.205718,7,true
183653266,bf,btceur,1517532800000,7149.205718,7,true
183653469,bf,btceur,1517532807000,7149.2856778,0.63369,false
183653471,bf,btceur,1517532807000,7149.2856778,1.36631,false
183653707,bf,btceur,1517532821000,7142.1,0.1,true
183653846,bf,btceur,1517532824000,7140.5700596,0.07,false
183654595,bf,btceur,1517532848000,7134.013356,0.5994,true
183654620,bf,btceur,1517532849000,7133.8,0.2,true
183654622,bf,btceur,1517532849000,7133.3,0.2,true
183654885,bf,btceur,1517532853000,7118.3,0.02513932,true
183654873,bf,btceur,1517532853000,7120.42019,0.025,true
183654879,bf,btceur,1517532853000,7119.620592,1.36095758,true
183654871,bf,btceur,1517532853000,7120.42019,0.01,true
183654922,bf,btceur,1517532853000,7124.1783006,0.0117,false
183654926,bf,btceur,1517532853000,7123.618582,0.0203,false
183654867,bf,btceur,1517532853000,7121.3797076,0.79308089,true
183654875,bf,btceur,1517532853000,7120.020391,0.00696153,true
183654869,bf,btceur,1517532853000,7121.219788,0.01,true
183654877,bf,btceur,1517532853000,7119.7805116,0.004,true
183654972,bf,btceur,1517532854000,7117.4,0.15824642,true
183654964,bf,btceur,1517532854000,7117.4,0.2,true
183654966,bf,btceur,1517532854000,7117.4,0.1,true
183655905,bf,btceur,1517532874000,7116.4222,0.05,true
183656276,bf,btceur,1517532890000,7116.4222,1,true
183656443,bf,btceur,1517532895000,7116.4222,0.05,true
183656568,bf,btceur,1517532901000,7116.4222,1,true
183656744,bf,btceur,1517532905000,7116.4222,1,true
183656862,bf,btceur,1517532909000,7116.5,0.6,false
183656913,bf,btceur,1517532910000,7116.5,0.01064098,false
183656900,bf,btceur,1517532910000,7116.5,0.04058437,false
183656898,bf,btceur,1517532910000,7116.5,0.00334979,false
183656925,bf,btceur,1517532911000,7116.5,0.34542486,false
183657104,bf,btceur,1517532917000,7116.4222,0.05,true
183657212,bf,btceur,1517532920000,7116.4222,2.19620002,true
183657509,bf,btceur,1517532941000,7118,0.1173343,false
183657532,bf,btceur,1517532941000,7122,1,false
183657505,bf,btceur,1517532941000,7118,0.1826657,false
183657536,bf,btceur,1517532941000,7124,0.3,false
183657601,bf,btceur,1517532942000,7129,0.3,false
183657681,bf,btceur,1517532942000,7148,0.3,false
183657619,bf,btceur,1517532942000,7135,0.3,false
183657642,bf,btceur,1517532942000,7142,0.3,false
183657673,bf,btceur,1517532942000,7142.5,0.1,false
183657677,bf,btceur,1517532942000,7147.4,1,false
183657693,bf,btceur,1517532942000,7133.4,0.45824642,false
183657927,bf,btceur,1517532946000,7147,0.0419,true
183658078,bf,btceur,1517532950000,7141.2896978,0.6,false
183658877,bf,btceur,1517532995000,7164,0.2,false
183658905,bf,btceur,1517532996000,7153.203708,0.05,true
183658916,bf,btceur,1517532996000,7163.7,0.02374617,false
183658960,bf,btceur,1517532997000,7163.7,0.06138438,false
183659248,bf,btceur,1517533008000,7165.4375574,0.05,true
183659675,bf,btceur,1517533028000,7156.4021,0.51426945,true
183660122,bf,btceur,1517533056000,7121.6,0.1,true
183660245,bf,btceur,1517533063000,7116.6,0.1,true
183660582,bf,btceur,1517533081000,7119.4,0.18325978,true
183660702,bf,btceur,1517533089000,7119.3007528,1,false
183660761,bf,btceur,1517533091000,7117.221798,0.02,false
183660806,bf,btceur,1517533092000,7119.220793,1,false
183660853,bf,btceur,1517533104000,7119.3,0.1,true
183660887,bf,btceur,1517533104000,7119.3,0.17899856,true
183660855,bf,btceur,1517533104000,7119.3,0.01776166,true
183661576,bf,btceur,1517533145000,7136,0.02333955,false
183661653,bf,btceur,1517533150000,7133,0.02492762,true
183661661,bf,btceur,1517533150000,7133,0.002,true
183661663,bf,btceur,1517533151000,7133,0.02,true
183661670,bf,btceur,1517533151000,7133,0.002,true
183661676,bf,btceur,1517533152000,7133,0.002,true
183661685,bf,btceur,1517533152000,7133,0.002,true
183661688,bf,btceur,1517533152000,7133,0.107,true
183661690,bf,btceur,1517533152000,7133,0.04007238,true
183661716,bf,btceur,1517533154000,7130.015366,1.3,true
183661895,bf,btceur,1517533172000,7121,0.3,true
183661988,bf,btceur,1517533179000,7120.42019,0.38480969,true
183661986,bf,btceur,1517533179000,7120.5001498,0.22,true
183662109,bf,btceur,1517533186000,7125.1378182,0.0107,false
183663831,bf,btceur,1517533299000,7116.4222,0.00259385,true
183666356,bf,btceur,1517533356000,7108.42622,0.040733,true
183666684,bf,btceur,1517533366000,7108.42622,0.038749,true
183666705,bf,btceur,1517533367000,7108.42622,0.015775,true
183667408,bf,btceur,1517533398000,7109.9454562,0.015775,true
183667405,bf,btceur,1517533398000,7109.9454562,0.133397,true
183667516,bf,btceur,1517533403000,7109,0.3,true
183667727,bf,btceur,1517533412000,7108.42622,0.60992469,true
183671687,bf,btceur,1517533590000,7107.4667024,0.188141,true
183671719,bf,btceur,1517533592000,7107.4667024,0.5,true
183672035,bf,btceur,1517533604000,7107.4667024,0.0017632,true
183673080,bf,btceur,1517533662000,7107.4667024,0.033327,true
183673121,bf,btceur,1517533663000,7107.4667024,0.007251,true
183674551,bf,btceur,1517533719000,7107.4667024,0.2,true
183674653,bf,btceur,1517533720000,7100,0.01,true
183674649,bf,btceur,1517533720000,7100,0.01,true
183674651,bf,btceur,1517533720000,7100,0.0140636,true
183674885,bf,btceur,1517533724000,7088.8,0.0031,true
183674955,bf,btceur,1517533725000,7083.8,0.1,true
183674982,bf,btceur,1517533725000,7077,0.1,true
183674984,bf,btceur,1517533725000,7077,0.16,true
183674964,bf,btceur,1517533725000,7080,7,true
183674943,bf,btceur,1517533725000,7087,0.04426451,true
183674978,bf,btceur,1517533725000,7077.3,0.2,true
183675079,bf,btceur,1517533727000,7087.5,0.1,false
183675178,bf,btceur,1517533729000,7078.041496,0.06533534,true
183675200,bf,btceur,1517533730000,7077.8,0.06027428,false
183675212,bf,btceur,1517533730000,7077.8,0.01688,false
183675682,bf,btceur,1517533749000,7077,0.3,false
183675660,bf,btceur,1517533749000,7076.4423,0.35751038,true
183676673,bf,btceur,1517533789000,7095,0.2,false
183676834,bf,btceur,1517533792000,7101,0.2,false
183676838,bf,btceur,1517533792000,7106,0.2,false
183676842,bf,btceur,1517533792000,7107.6,1.73459416,false
183676937,bf,btceur,1517533793000,7097.1518882,0.41624732,false
183676939,bf,btceur,1517533793000,7097.1518882,0.07920036,false
183676909,bf,btceur,1517533793000,7097.0719284,0.002,true
183676941,bf,btceur,1517533793000,7097.1518882,0.00571742,false
183676878,bf,btceur,1517533793000,7119,0.2,false
183676873,bf,btceur,1517533793000,7113,0.2,false
183676943,bf,btceur,1517533793000,7097.1518882,0.00452254,false
183676954,bf,btceur,1517533794000,7097.2,0.09431236,true
183677328,bf,btceur,1517533810000,7120,0.14620299,false
183677347,bf,btceur,1517533810000,7120,1,false
183677323,bf,btceur,1517533810000,7120,0.01067473,false
183677334,bf,btceur,1517533810000,7120,0.1,false
183677404,bf,btceur,1517533810000,7119.9,0.59949431,false
183677368,bf,btceur,1517533810000,7120,0.84312228,false
183678117,bf,btceur,1517533820000,7123.6,0.6,true
183678069,bf,btceur,1517533820000,7133.213758,0.09524279,true
183678135,bf,btceur,1517533821000,7132.5740796,0.09526503,true
183678169,bf,btceur,1517533822000,7126,0.09504498,false
183678402,bf,btceur,1517533828000,7145.9,0.6,false
183678922,bf,btceur,1517533838000,7177.3,1.52693906,false
183678920,bf,btceur,1517533838000,7176.4,1.16,false
183679452,bf,btceur,1517533852000,7162.8,0.095947,true
183679739,bf,btceur,1517533858000,7180.2,0.095947,false
183680119,bf,btceur,1517533866000,7157,0.1,true
183680129,bf,btceur,1517533866000,7149.6,0.17509209,true
183680115,bf,btceur,1517533866000,7164.7,0.6,true
183680282,bf,btceur,1517533869000,7152,0.2,true
183680582,bf,btceur,1517533877000,7145,0.06490991,true
183680646,bf,btceur,1517533879000,7145,0.01443227,true
183680673,bf,btceur,1517533880000,7145,0.22065782,true
183680719,bf,btceur,1517533881000,7140.9,0.76346953,true
183680725,bf,btceur,1517533881000,7140.7,0.29238317,true
183680727,bf,btceur,1517533881000,7139,0.16561683,true
183680721,bf,btceur,1517533881000,7140.7,0.28761683,true
183680800,bf,btceur,1517533882000,7143.608532,0.1175,false
183680773,bf,btceur,1517533882000,7138.8,0.03354308,true
183680802,bf,btceur,1517533882000,7145.2876878,0.05442645,false
183680768,bf,btceur,1517533882000,7138.9,0.08147308,true
183680793,bf,btceur,1517533882000,7142.2492154,0.58,false
183680771,bf,btceur,1517533882000,7138.9,0.01852692,true
183680766,bf,btceur,1517533882000,7139,0.03438317,true
183680796,bf,btceur,1517533882000,7142.2492154,0.058,false
183680798,bf,btceur,1517533882000,7143.5285722,0.5,false
183680919,bf,btceur,1517533886000,7145.7,0.1,false
183681126,bf,btceur,1517533899000,7126,0.2,true
183681432,bf,btceur,1517533905000,7141,0.5,false
183681558,bf,btceur,1517533910000,7147.2,0.1,false
183681565,bf,btceur,1517533910000,7155.8,0.2,false
183681586,bf,btceur,1517533911000,7162,0.2,false
183681589,bf,btceur,1517533911000,7162.9,0.5,false
183681599,bf,btceur,1517533911000,7174,0.2,false
183681631,bf,btceur,1517533911000,7156.4820598,0.1,true
183681593,bf,btceur,1517533911000,7168,0.2,false
183682331,bf,btceur,1517533933000,7156.4820598,0.52703195,true
183682712,bf,btceur,1517533955000,7155.602502,0.02800741,true
183682710,bf,btceur,1517533955000,7156.4021,0.01281057,true
183682721,bf,btceur,1517533955000,7155.602502,0.01124725,false
183683633,bf,btceur,1517533995000,7192,0.2,false
183683681,bf,btceur,1517533997000,7180.4699998,0.6,false
183683907,bf,btceur,1517534010000,7206,0.1,false
183683843,bf,btceur,1517534010000,7200,0.1,false
183683855,bf,btceur,1517534010000,7200,0.1,false
183683970,bf,btceur,1517534011000,7206,0.1,false
183684145,bf,btceur,1517534013000,7205.1,0.02,false
183684121,bf,btceur,1517534013000,7201.979186,0.12382157,true
183684165,bf,btceur,1517534014000,7205.7,0.5794,false
183686064,bf,btceur,1517534056000,7197.181598,0.06361671,true
183686076,bf,btceur,1517534056000,7197,0.22531495,false
183687570,bf,btceur,1517534108000,7179.2,0.0561,true
183687551,bf,btceur,1517534108000,7179,0.2,true
183687840,bf,btceur,1517534115000,7174,0.17604861,true
183687888,bf,btceur,1517534117000,7174,0.12395139,true
183688791,bf,btceur,1517534164000,7177.191648,0.1,false
183688901,bf,btceur,1517534168000,7182.788834,0.00488929,false
183689067,bf,btceur,1517534178000,7179,0.01391697,true
183689096,bf,btceur,1517534180000,7179,0.10557748,true
183689237,bf,btceur,1517534189000,7179,0.08050555,true
183689256,bf,btceur,1517534190000,7178,0.17876523,true
183689305,bf,btceur,1517534193000,7178,0.12123477,true
183689537,bf,btceur,1517534209000,7179,0.252995,true
183689622,bf,btceur,1517534215000,7174.9,0.290905,true
183690095,bf,btceur,1517534247000,7173,0.2,true
183690394,bf,btceur,1517534265000,7167,0.07093785,true
183690431,bf,btceur,1517534267000,7167,0.02240173,true
183690461,bf,btceur,1517534268000,7167,0.10666042,true
183690476,bf,btceur,1517534269000,7170.0752258,0.002,false
183690469,bf,btceur,1517534269000,7167.6764318,0.1219,false
183690477,bf,btceur,1517534269000,7175.9,0.03263459,true
183690489,bf,btceur,1517534271000,7173.8,0.1,true
183690485,bf,btceur,1517534271000,7175.9,0.08726541,true
183690486,bf,btceur,1517534271000,7175.9,0.1219,true
183690487,bf,btceur,1517534271000,7175.9,0.1219,true
183690522,bf,btceur,1517534272000,7173.8,0.07418125,true
183690510,bf,btceur,1517534272000,7173.8,0.04771875,true
183690508,bf,btceur,1517534272000,7173.8,0.1219,true
183690506,bf,btceur,1517534272000,7173.8,0.0219,true
183691005,bf,btceur,1517534307000,7167,0.07163527,true
183691003,bf,btceur,1517534307000,7167,0.0584783,true
183691000,bf,btceur,1517534307000,7167,0.16988643,true
183691046,bf,btceur,1517534310000,7162.9,0.004,true
183691077,bf,btceur,1517534312000,7161.2,0.10563222,true
183691095,bf,btceur,1517534313000,7162.1,0.04954833,true
183691227,bf,btceur,1517534327000,7161,0.3,true
183691369,bf,btceur,1517534343000,7160,0.2,true
183692486,bf,btceur,1517534432000,7142.1,0.18341361,true
183692469,bf,btceur,1517534432000,7148.5,0.1,true
183692484,bf,btceur,1517534432000,7142.2,0.17588486,true
183692628,bf,btceur,1517534434000,7149.2,0.1,true
183692633,bf,btceur,1517534434000,7140.6,0.10129649,true
183692761,bf,btceur,1517534439000,7155,0.17289059,false
183692968,bf,btceur,1517534452000,7146.9,0.00362163,true
183693125,bf,btceur,1517534463000,7162.9,0.6,false
183693128,bf,btceur,1517534463000,7163,0.3,false
183693135,bf,btceur,1517534463000,7165.8,0.1,false
183693214,bf,btceur,1517534467000,7157.4,0.03036,true
183693216,bf,btceur,1517534467000,7157.4,0.01313408,true
183693218,bf,btceur,1517534467000,7157.4,0.55650592,true
183693457,bf,btceur,1517534483000,7163,0.96575531,false
183694012,bf,btceur,1517534518000,7148,0.2,true
183694306,bf,btceur,1517534528000,7141.209738,0.00623925,false
183695502,bf,btceur,1517534593000,7136.41215,0.6,true
183695534,bf,btceur,1517534595000,7126,0.3,true
183695702,bf,btceur,1517534605000,7125.3,0.002,true
183695711,bf,btceur,1517534606000,7125.2,0.002,true
183695859,bf,btceur,1517534613000,7125.3,0.002,true
183695854,bf,btceur,1517534613000,7125.3,0.09884114,true
183696111,bf,btceur,1517534633000,7124.4981398,0.49515886,false
183696850,bf,btceur,1517534688000,7137.1317882,0.0087,true
183696859,bf,btceur,1517534689000,7137.1317882,0.0111,true
183696871,bf,btceur,1517534689000,7137.1317882,0.0199,true
183696912,bf,btceur,1517534691000,7153.5,0.59950484,false
183697228,bf,btceur,1517534712000,7141.4496174,0.0068,true
183697316,bf,btceur,1517534719000,7135.612552,0.0289,true
183697350,bf,btceur,1517534724000,7135.612552,0.0082,true
183697661,bf,btceur,1517534746000,7134.1732756,0.01035183,false
183697818,bf,btceur,1517534756000,7124.5,0.0356,true
183697825,bf,btceur,1517534757000,7124.5,0.00204505,true
183698077,bf,btceur,1517534777000,7124.4981398,0.00621652,false
183698180,bf,btceur,1517534784000,7125.3,0.6,true
183698240,bf,btceur,1517534789000,7124.4,0.006,true
183698255,bf,btceur,1517534791000,7123.7785016,0.00621087,false
183698252,bf,btceur,1517534791000,7123.7785016,0.00620824,false
183698326,bf,btceur,1517534795000,7123.8,0.002,true
183698328,bf,btceur,1517534795000,7123.8,0.07707949,true
183698357,bf,btceur,1517534797000,7121.1,0.099998,true
183698363,bf,btceur,1517534797000,7121.1,0.900002,true
183698350,bf,btceur,1517534797000,7123.6985418,0.0566,false
183698561,bf,btceur,1517534811000,7110.9,0.002,true
183698729,bf,btceur,1517534819000,7149,0.3,false
183698737,bf,btceur,1517534819000,7160,0.3,false
183698699,bf,btceur,1517534819000,7123.4,0.6,false
183698717,bf,btceur,1517534819000,7140,0.2,false
183698732,bf,btceur,1517534819000,7155,0.2,false
183698720,bf,btceur,1517534819000,7144,0.2,false
183698859,bf,btceur,1517534824000,7122.1,0.6,true
183699146,bf,btceur,1517534842000,7124,0.19957608,true
183699148,bf,btceur,1517534842000,7124,0.00879469,true
183699152,bf,btceur,1517534842000,7124,0.06324006,true
183699189,bf,btceur,1517534843000,7124,0.002,true
183699174,bf,btceur,1517534843000,7124,0.002,true
183699201,bf,btceur,1517534844000,7124,0.002,true
183699209,bf,btceur,1517534845000,7124,0.02238917,true
183699244,bf,btceur,1517534848000,7119,0.002,true
183699251,bf,btceur,1517534849000,7119,0.03327481,true
183699272,bf,btceur,1517534849000,7119,0.16472519,true
183699371,bf,btceur,1517534859000,7122.818984,0.4,false
183699436,bf,btceur,1517534866000,7118.9009538,0.0106,false
183699643,bf,btceur,1517534885000,7118,0.2,true
183699919,bf,btceur,1517534911000,7110.1053758,0.0085,true
183699926,bf,btceur,1517534912000,7110.1053758,0.0222,true
183700126,bf,btceur,1517534930000,7109.225818,0.1183,true
183700250,bf,btceur,1517534938000,7103,0.2,true
183700472,bf,btceur,1517534949000,7098.831044,0.01,false
183701579,bf,btceur,1517534995000,7077,0.05,true
183701571,bf,btceur,1517534995000,7081.1,0.1,true
183701561,bf,btceur,1517534995000,7089.2,0.006,true
183701584,bf,btceur,1517534996000,7085.3178378,0.0591,false
183702151,bf,btceur,1517535029000,7077,0.1,false
183702324,bf,btceur,1517535035000,7076.4423,0.02587789,true
183702474,bf,btceur,1517535056000,7077,0.2,false
183702840,bf,btceur,1517535067000,7076.5222598,0.00482238,true
183703553,bf,btceur,1517535101000,7076.4423,0.6,true
183703828,bf,btceur,1517535109000,7064.5808391,0.01,false
183703967,bf,btceur,1517535121000,7061.91731308,0.02079363,true
183703965,bf,btceur,1517535121000,7061.91731308,0.00515771,true
183704096,bf,btceur,1517535122000,7057.7095337,0.55015205,false
183704034,bf,btceur,1517535122000,7061.1,0.1,true
183704094,bf,btceur,1517535122000,7057.7095337,0.04984795,false
183704125,bf,btceur,1517535123000,7057.7095337,0.1,false
183704379,bf,btceur,1517535132000,7050,0.01,true
183704423,bf,btceur,1517535132000,7042,0.3,true
183704359,bf,btceur,1517535132000,7055.3,0.2,true
183704381,bf,btceur,1517535132000,7050,0.05,true
183704406,bf,btceur,1517535132000,7047,0.2,true
183704711,bf,btceur,1517535145000,7041,1.09323172,true
183704862,bf,btceur,1517535152000,7041,0.10949297,true
183704881,bf,btceur,1517535153000,7041,0.1,true
183704875,bf,btceur,1517535153000,7041,0.1,true
183705650,bf,btceur,1517535186000,7047,0.0158186,false
183705658,bf,btceur,1517535187000,7047,0.172989,false
183706353,bf,btceur,1517535217000,7062.9,0.5994,false
183706553,bf,btceur,1517535222000,7050.6,0.6,true
183706696,bf,btceur,1517535223000,7042,0.2,true
183707090,bf,btceur,1517535238000,7063.1426589,0.002,true
183707104,bf,btceur,1517535239000,7063.861749,0.0024252,true
183707190,bf,btceur,1517535240000,7066.1788171,0.01230458,true
183707195,bf,btceur,1517535240000,7066.1788171,0.03214183,true
183707441,bf,btceur,1517535251000,7069.6,0.026767,false
183707774,bf,btceur,1517535263000,7058,0.0308152,true
183707811,bf,btceur,1517535265000,7058,0.0259753,true
183707849,bf,btceur,1517535267000,7058,0.2432095,true
183707856,bf,btceur,1517535268000,7052,0.2,true
183707968,bf,btceur,1517535275000,7048,0.1,true
183707983,bf,btceur,1517535276000,7048,1.1964,true
183707985,bf,btceur,1517535276000,7048,0.0033,true
183708739,bf,btceur,1517535319000,7039.892079,0.00765948,true
183710062,bf,btceur,1517535396000,7033.8,0.2,true
183710068,bf,btceur,1517535396000,7033.3,0.2,true
183710695,bf,btceur,1517535440000,7031.902189,0.6,true
183711278,bf,btceur,1517535461000,7022,0.02004567,true
183711280,bf,btceur,1517535461000,7022,0.02995433,true
183711403,bf,btceur,1517535464000,7016,0.197,true
183711400,bf,btceur,1517535464000,7016.3,0.02676335,true
183711448,bf,btceur,1517535466000,7014.324431,0.6,false
183711687,bf,btceur,1517535488000,7023,0.1,false
183711719,bf,btceur,1517535488000,7015.12342,0.031,true
183711683,bf,btceur,1517535488000,7023,0.08647351,false
183711764,bf,btceur,1517535489000,7017,0.1,false
183711752,bf,btceur,1517535489000,7017,0.05779732,false
183711938,bf,btceur,1517535495000,7023,0.01352649,false
183712168,bf,btceur,1517535508000,7029.3,0.5994,false
183712930,bf,btceur,1517535553000,7031.2,0.02,true
183713323,bf,btceur,1517535578000,7035.1780439,0.4,false
183713325,bf,btceur,1517535578000,7035.1780439,0.18,false
183713433,bf,btceur,1517535587000,7056.3,0.59942,false
183713442,bf,btceur,1517535587000,7066,0.3,false
183713612,bf,btceur,1517535596000,7040.1,0.6,true
183713615,bf,btceur,1517535596000,7040,0.3,true
183713607,bf,btceur,1517535596000,7044,0.2,true
183713704,bf,btceur,1517535603000,7060.2,0.6,false
183713751,bf,btceur,1517535605000,7041.4,0.018,true
183713807,bf,btceur,1517535609000,7044,0.19724,true
183713815,bf,btceur,1517535610000,7044.1,0.37245941,true
183713926,bf,btceur,1517535621000,7049,0.3,true
183713923,bf,btceur,1517535621000,7052,0.3,true
183714113,bf,btceur,1517535632000,7066.2,0.58769941,false
183714640,bf,btceur,1517535677000,7061,0.2,true
183714642,bf,btceur,1517535677000,7061,0.1,true
183715134,bf,btceur,1517535703000,7040.6,0.0135,true
183715225,bf,btceur,1517535707000,7041.490057,0.04023,false
183715229,bf,btceur,1517535707000,7043.6473273,0.09913015,false
183715227,bf,btceur,1517535707000,7043.088035,0.12755,false
183715238,bf,btceur,1517535708000,7042.4,0.3119,true
183715552,bf,btceur,1517535732000,7039.4,0.2746,true
183716211,bf,btceur,1517535774000,7039.4,0.00511208,false
183716283,bf,btceur,1517535780000,7040,0.1135,true
183716452,bf,btceur,1517535803000,7038,0.3,true
183716449,bf,btceur,1517535803000,7039,0.3,true
183717528,bf,btceur,1517535909000,7056.3,0.04,false
183717661,bf,btceur,1517535917000,7056,0.56,false
183717871,bf,btceur,1517535922000,7052.1,0.6,true
183718620,bf,btceur,1517535958000,7079,0.3,false
183718991,bf,btceur,1517535976000,7078.6,0.6,false
183719063,bf,btceur,1517535980000,7064.1,0.00646163,true
183719266,bf,btceur,1517535994000,7107,0.3,false
183719258,bf,btceur,1517535994000,7101,0.3,false
183719264,bf,btceur,1517535994000,7103.6,1.172,false
183719464,bf,btceur,1517536009000,7079.2,0.59353837,true
183719525,bf,btceur,1517536010000,7093.5,0.00703009,true
183719614,bf,btceur,1517536010000,7087.03243,0.02075676,false
183719707,bf,btceur,1517536011000,7139,0.15051448,false
183719731,bf,btceur,1517536011000,7102.213221,0.04767,false
183719736,bf,btceur,1517536011000,7102.8,0.00904452,false
183719710,bf,btceur,1517536011000,7141.7,1.02086452,false
183719761,bf,btceur,1517536011000,7118.193001,0.586,false
183719712,bf,btceur,1517536011000,7141.7,0.05,false
183719740,bf,btceur,1517536011000,7118.193001,0.00138774,false
183719756,bf,btceur,1517536011000,7118.193001,0.586,false
183719695,bf,btceur,1517536011000,7134.9,1.591,false
183719714,bf,btceur,1517536011000,7141.7,0.67613548,false
183719657,bf,btceur,1517536011000,7108,0.2,false
183719733,bf,btceur,1517536011000,7102.213221,0.03751,false
183719671,bf,btceur,1517536011000,7114,0.3,false
183719677,bf,btceur,1517536011000,7119,0.3,false
183719716,bf,btceur,1517536011000,7143,0.3,false
183719698,bf,btceur,1517536011000,7137,0.3,false
183719734,bf,btceur,1517536011000,7102.8,0.59095548,false
183719744,bf,btceur,1517536011000,7118.193001,0.34547757,false
183719692,bf,btceur,1517536011000,7132,0.3,false
183719738,bf,btceur,1517536011000,7102.8524122,0.5,false
183719705,bf,btceur,1517536011000,7139,0.04948552,false
183719742,bf,btceur,1517536011000,7118.193001,0.56043226,false
183719779,bf,btceur,1517536012000,7107.3,0.28936142,true
183719980,bf,btceur,1517536015000,7107.3,0.39108069,true
183719997,bf,btceur,1517536015000,7107.3,0.11505789,true
183719999,bf,btceur,1517536015000,7104.9,0.10476476,true
183720012,bf,btceur,1517536015000,7104.9,0.69073524,true
183720289,bf,btceur,1517536027000,7103.01221,0.00454656,true
183720792,bf,btceur,1517536049000,7105,0.2,true
183720789,bf,btceur,1517536049000,7110,0.3,true
183720876,bf,btceur,1517536054000,7101,0.2,true
183720879,bf,btceur,1517536054000,7096,0.3,true
183721169,bf,btceur,1517536071000,7095.821309,0.6,false
183721167,bf,btceur,1517536071000,7095.821309,0.398,false
183721175,bf,btceur,1517536071000,7099.017265,0.15,false
183721171,bf,btceur,1517536071000,7096.620298,0.5,false
183721173,bf,btceur,1517536071000,7098.218276,0.15,false
183721177,bf,btceur,1517536071000,7103.01221,0.05074,false
183721185,bf,btceur,1517536071000,7104.6900869,0.00405469,false
183721186,bf,btceur,1517536071000,7105,0.4,true
183721181,bf,btceur,1517536071000,7104.610188,0.0138668,false
183721183,bf,btceur,1517536071000,7104.6900869,1.2,false
183721179,bf,btceur,1517536071000,7104.5302891,0.5,false
183721248,bf,btceur,1517536073000,7105,0.9,true
183721208,bf,btceur,1517536073000,7105,0.04457257,true
183721278,bf,btceur,1517536074000,7105,0.39861437,true
183721262,bf,btceur,1517536074000,7105,0.55008734,true
183721269,bf,btceur,1517536074000,7105,0.546189,true
183721271,bf,btceur,1517536074000,7105,0.383225,true
183721307,bf,btceur,1517536075000,7105,2.00153252,true
183721309,bf,btceur,1517536075000,7105,0.51805177,true
183721347,bf,btceur,1517536076000,7104.5302891,0.44754,false
183721341,bf,btceur,1517536076000,7103.01221,0.03636,false
183721343,bf,btceur,1517536076000,7104.2106935,1,false
183721345,bf,btceur,1517536076000,7104.5302891,1.4161,false
183721454,bf,btceur,1517536082000,7096,0.4289475,true
183721482,bf,btceur,1517536084000,7096,0.16784102,true
183721479,bf,btceur,1517536084000,7096,0.00490713,true
183721487,bf,btceur,1517536085000,7096,0.3768,true
183721542,bf,btceur,1517536090000,7100,0.2,true
183721639,bf,btceur,1517536093000,7099.1770628,0.1513,false
183721648,bf,btceur,1517536093000,7100,0.17472873,true
183721646,bf,btceur,1517536093000,7100,0.04988494,true
183721657,bf,btceur,1517536093000,7097,0.06934576,true
183721637,bf,btceur,1517536093000,7099.0971639,0.02653633,false
183721651,bf,btceur,1517536093000,7097,0.25893916,true
183721656,bf,btceur,1517536093000,7104.610188,0.3672,false
183721643,bf,btceur,1517536093000,7099.7363551,4,false
183721645,bf,btceur,1517536093000,7099.816254,0.03975,false
183721654,bf,btceur,1517536093000,7100.615243,0.002,false
183721641,bf,btceur,1517536093000,7099.1770628,0.098,false
183721697,bf,btceur,1517536095000,7097.1,0.30785014,true
183721704,bf,btceur,1517536096000,7097.1,0.26924784,true
183721702,bf,btceur,1517536096000,7097.1,0.02290202,true
183721740,bf,btceur,1517536098000,7097,0.11255938,true
183721736,bf,btceur,1517536098000,7097,0.04985621,true
183721738,bf,btceur,1517536098000,7097,0.03603837,true
183721765,bf,btceur,1517536099000,7097,0.55132109,true
183721888,bf,btceur,1517536106000,7104.4503902,1.27654264,false
183721886,bf,btceur,1517536106000,7103.811199,0.04079,false
183722122,bf,btceur,1517536117000,7107.007155,0.00243689,true
183722206,bf,btceur,1517536122000,7107.007155,0.039161,true
183722285,bf,btceur,1517536132000,7107.007155,0.3,false
183722317,bf,btceur,1517536134000,7105,0.24127767,true
183722328,bf,btceur,1517536135000,7105,0.05872233,true
183722363,bf,btceur,1517536137000,7104.610188,0.6,true
183722389,bf,btceur,1517536139000,7101,0.2,true
183722452,bf,btceur,1517536144000,7095,0.3,true
183722500,bf,btceur,1517536147000,7090,0.3,true
183722505,bf,btceur,1517536148000,7088.1,0.2,true
183722532,bf,btceur,1517536149000,7088.7,0.18,true
183722556,bf,btceur,1517536150000,7088.7,0.0424,true
183722548,bf,btceur,1517536150000,7088.7,0.01810991,true
183722550,bf,btceur,1517536150000,7088.7,0.07726799,true
183722561,bf,btceur,1517536150000,7088.7,0.3344788,true
183722559,bf,btceur,1517536150000,7088.7,0.1,true
183722554,bf,btceur,1517536150000,7088.7,0.2,true
183722572,bf,btceur,1517536151000,7088.7,0.0477433,true
183722624,bf,btceur,1517536152000,7085,0.14384,true
183722626,bf,btceur,1517536152000,7085,0.1,true
183722658,bf,btceur,1517536153000,7085,0.05616,true
183722675,bf,btceur,1517536154000,7079.3,0.01554465,true
183722713,bf,btceur,1517536155000,7079.4,0.18680368,true
183722749,bf,btceur,1517536156000,7079.5,0.05855946,true
183722765,bf,btceur,1517536157000,7079.5,0.24057835,true
183722775,bf,btceur,1517536157000,7079.5,0.00545865,true
183722763,bf,btceur,1517536157000,7079.5,0.09305521,true
183722926,bf,btceur,1517536167000,7079.1224389,0.040354,true
183723084,bf,btceur,1517536176000,7091.6,0.6,false
183723099,bf,btceur,1517536176000,7103,0.4,false
183723095,bf,btceur,1517536176000,7098,0.3,false
183723124,bf,btceur,1517536178000,7079.2,0.1,true
183723138,bf,btceur,1517536179000,7079.2,0.43975814,true
183723133,bf,btceur,1517536179000,7079.2,0.00884565,true
183723145,bf,btceur,1517536179000,7098.7,0.153888,false
183723135,bf,btceur,1517536179000,7079.2,0.05139621,true
183723143,bf,btceur,1517536179000,7093,0.3,false
183723195,bf,btceur,1517536182000,7075.1,0.153888,true
183723774,bf,btceur,1517536223000,7071.2124478,0.012,false
183723785,bf,btceur,1517536223000,7071,0.3,true
183723776,bf,btceur,1517536223000,7071.2923467,0.03989611,false
183723818,bf,btceur,1517536225000,7070,0.2,true
183723831,bf,btceur,1517536226000,7070,0.1,true
183723876,bf,btceur,1517536232000,7066,0.24341998,true
183723880,bf,btceur,1517536232000,7066,0.0235531,true
183723882,bf,btceur,1517536232000,7066,0.02538233,true
183723878,bf,btceur,1517536232000,7066,0.00764459,true
183724062,bf,btceur,1517536247000,7063.6,1.3137099,true
183724059,bf,btceur,1517536247000,7063.4622545,0.75,false
183724068,bf,btceur,1517536247000,7063.6,0.67930659,true
183724061,bf,btceur,1517536247000,7063.5421534,0.016,false
183724072,bf,btceur,1517536247000,7063.6,0.3,true
183724074,bf,btceur,1517536247000,7063.6,0.01104647,true
183724066,bf,btceur,1517536247000,7063.6,0.016,true
183724070,bf,btceur,1517536247000,7063.6,1,true
183724076,bf,btceur,1517536247000,7063.6,0.1156,true
183724082,bf,btceur,1517536248000,7063.6,0.016,true
183724084,bf,btceur,1517536248000,7063.6,0.1,true
183724088,bf,btceur,1517536249000,7063.6,0.00698791,true
183724943,bf,btceur,1517536326000,7094.1,0.6,false
183725045,bf,btceur,1517536344000,7087.831419,0.0475,true
183725057,bf,btceur,1517536344000,7087.831419,0.0294,true
183725051,bf,btceur,1517536344000,7087.831419,0.0631,true
183725576,bf,btceur,1517536392000,7088.630408,0.1453,true
183725776,bf,btceur,1517536416000,7089,0.3,false
183725742,bf,btceur,1517536416000,7090,0.3,false
183726094,bf,btceur,1517536432000,7075.7,0.392,true
183726089,bf,btceur,1517536432000,7075.7,0.1,true
183726196,bf,btceur,1517536440000,7071.9315379,0.00997599,false
183726198,bf,btceur,1517536440000,7071.9315379,0.09802401,false
183726415,bf,btceur,1517536453000,7071.851639,0.102,true
183726406,bf,btceur,1517536453000,7071.851639,0.0346,true
183726771,bf,btceur,1517536477000,7054,0.3,true
183726778,bf,btceur,1517536477000,7050,0.3,true
183726767,bf,btceur,1517536477000,7059.5,0.1,true
183726854,bf,btceur,1517536478000,7057.1,0.1,true
183727073,bf,btceur,1517536484000,7043,0.3,true
183727118,bf,btceur,1517536485000,7055.871859,0.13424,false
183727123,bf,btceur,1517536485000,7063.861749,0.06,false
183727125,bf,btceur,1517536485000,7063.861749,0.05799595,false
183727119,bf,btceur,1517536485000,7062.2,0.599892,false
183727108,bf,btceur,1517536485000,7042.9282372,0.15867928,false
183727112,bf,btceur,1517536485000,7046.283991,0.2,false
183727110,bf,btceur,1517536485000,7044.686013,0.10442,false
183727121,bf,btceur,1517536485000,7063.06276,2,false
183727114,bf,btceur,1517536485000,7047.08298,1.8544,false
183727116,bf,btceur,1517536485000,7048.6010591,1.751,false
183727200,bf,btceur,1517536491000,7039.2,0.05,true
183727202,bf,btceur,1517536491000,7039.2,0.25,true
183727215,bf,btceur,1517536491000,7039.2,0.04178501,true
183727248,bf,btceur,1517536493000,7039.2,0.25821499,true
183728084,bf,btceur,1517536518000,7035.1780439,3.35499681,false
183728088,bf,btceur,1517536518000,7035.1780439,0.00274392,false
183728090,bf,btceur,1517536518000,7035.1780439,0.92745227,false
183728086,bf,btceur,1517536518000,7035.1780439,1,false
183728289,bf,btceur,1517536533000,7035.098145,0.002007,true
183729274,bf,btceur,1517536608000,7056.4,0.6,false
183729677,bf,btceur,1517536622000,7054.9929711,0.0033,true
183729675,bf,btceur,1517536622000,7054.9929711,0.1467,true
183729725,bf,btceur,1517536626000,7053,0.3,true
183729767,bf,btceur,1517536630000,7048,0.237533,true
183729814,bf,btceur,1517536636000,7040.1,0.6,true
183729957,bf,btceur,1517536647000,7032.6,1,true
183730026,bf,btceur,1517536661000,7044.9,0.6,false
183730135,bf,btceur,1517536664000,7031.2,0.08285256,true
183730193,bf,btceur,1517536671000,7029,0.07494398,true
183730239,bf,btceur,1517536679000,7031.3,0.51714744,true
183730816,bf,btceur,1517536720000,7047.9,0.09817836,true
183731094,bf,btceur,1517536752000,7047.7221712,2.77371889,false
183731092,bf,btceur,1517536752000,7047.6422723,1.2,false
183731090,bf,btceur,1517536752000,7047.5623734,0.00923683,false
183731168,bf,btceur,1517536765000,7043,0.3,true
183731186,bf,btceur,1517536767000,7042,0.081,true
183731194,bf,btceur,1517536767000,7042,0.099683,true
183731196,bf,btceur,1517536768000,7042,0.219317,true
183731259,bf,btceur,1517536771000,7037,0.4,true
183731319,bf,btceur,1517536774000,7044.7,0.6,false
183731390,bf,btceur,1517536780000,7034.6,0.1,true
183731415,bf,btceur,1517536780000,7034.6,0.297316,true
183731473,bf,btceur,1517536786000,7047.08298,0.397316,true
183731680,bf,btceur,1517536801000,7052,0.4,false
183731725,bf,btceur,1517536812000,7056,0.23564,false
183731742,bf,btceur,1517536812000,7056,0.04579,false
183731900,bf,btceur,1517536817000,7052.2764085,0.09828,true
183731895,bf,btceur,1517536817000,7052.2764085,0.098223,true
183731925,bf,btceur,1517536817000,7052.2764085,0.098556,true
183731930,bf,btceur,1517536818000,7052.2764085,0.12298785,true
183731934,bf,btceur,1517536818000,7047.08298,0.64925111,true
183731928,bf,btceur,1517536818000,7052.3563074,0.14,true
183731932,bf,btceur,1517536818000,7051.077925,0.18741607,true
183732038,bf,btceur,1517536834000,7048,0.01,true
183732040,bf,btceur,1517536834000,7048,0.04983849,true
183732036,bf,btceur,1517536834000,7048,0.01,true
183732052,bf,btceur,1517536836000,7048,0.04983849,true
183732060,bf,btceur,1517536836000,7048,0.18032302,true
183732130,bf,btceur,1517536843000,7047.9618679,0.393,false
183732378,bf,btceur,1517536860000,7058.9080172,0.020451,false
183732450,bf,btceur,1517536865000,7058.4,0.03835165,true
183732701,bf,btceur,1517536889000,7064,0.02034,true
183732711,bf,btceur,1517536890000,7064,0.048146,true
183732709,bf,btceur,1517536890000,7064,0.331514,true
183732750,bf,btceur,1517536902000,7064,0.316618,true
183732752,bf,btceur,1517536902000,7064,0.05,true
183732774,bf,btceur,1517536903000,7068.655683,0.00370225,false
183732824,bf,btceur,1517536905000,7073.47123127,0.01714609,false
183732945,bf,btceur,1517536913000,7074.87247359,0.1,false
183732996,bf,btceur,1517536917000,7074.17185243,0.05468199,false
183733004,bf,btceur,1517536917000,7069.56777052,0.1535866,true
183733002,bf,btceur,1517536917000,7071.26927905,0.4,true
183732994,bf,btceur,1517536917000,7074.2884476,0.01971592,true
183733521,bf,btceur,1517536982000,7063,0.01,true
183733525,bf,btceur,1517536982000,7063,0.15904135,true
183733790,bf,btceur,1517537033000,7076,0.4,false
183733792,bf,btceur,1517537033000,7077.2,0.6,false
183733922,bf,btceur,1517537057000,7071.8893536,0.196463,true
183734046,bf,btceur,1517537060000,7071.8,0.21612405,false
183734048,bf,btceur,1517537060000,7071.8,0.21613964,false
183734131,bf,btceur,1517537071000,7068.6905616,0.1491507,true
183734233,bf,btceur,1517537083000,7066.931226,0.04602658,true
183734329,bf,btceur,1517537098000,7063.8124038,0.124897,true
183734361,bf,btceur,1517537102000,7063.1,0.294693,true
183734359,bf,btceur,1517537102000,7063.1,0.305307,true
183734608,bf,btceur,1517537137000,7063.732434,0.17913699,false
183734606,bf,btceur,1517537137000,7063.6524642,0.016,false
183734744,bf,btceur,1517537154000,7063.8,0.124915,false
183734747,bf,btceur,1517537154000,7071.3,0.071718,false
183735148,bf,btceur,1517537183000,7090.8,0.6,false
183735164,bf,btceur,1517537184000,7093.32126,0.52545065,true
183735264,bf,btceur,1517537188000,7093.3,0.15053848,false
183735277,bf,btceur,1517537188000,7097,0.4,false
183735428,bf,btceur,1517537201000,7083,0.18587034,true
183735440,bf,btceur,1517537201000,7083,0.0711654,true
183735425,bf,btceur,1517537201000,7083,0.04296426,true
183735551,bf,btceur,1517537204000,7089.8825586,0.00602031,true
183735667,bf,btceur,1517537211000,7105.31673,0.0058,true
183735675,bf,btceur,1517537212000,7109,0.04218,false
183735761,bf,btceur,1517537215000,7105.31673,0.00165566,true
183735847,bf,btceur,1517537222000,7108,0.03714582,false
183735934,bf,btceur,1517537228000,7105.3966998,0.0106,true
183736175,bf,btceur,1517537248000,7110,0.084915,false
183736314,bf,btceur,1517537264000,7113,0.2,false
183736293,bf,btceur,1517537264000,7101.4,0.6,true
183736497,bf,btceur,1517537275000,7100,0.00551181,false
183736515,bf,btceur,1517537276000,7100,0.06062028,false
183736646,bf,btceur,1517537282000,7099,0.0054741,false
183736638,bf,btceur,1517537282000,7099,0.0697603,false
183736656,bf,btceur,1517537283000,7099,0.06842331,false
183736651,bf,btceur,1517537283000,7099,0.00549343,false
183736707,bf,btceur,1517537286000,7116.512502,0.6,true
183736701,bf,btceur,1517537286000,7113,0.2,false
183736696,bf,btceur,1517537286000,7110,0.3,false
183736799,bf,btceur,1517537294000,7107.715824,0.0055312,true
183736903,bf,btceur,1517537302000,7107,0.3,false
183737029,bf,btceur,1517537314000,7111,0.3,false
183737137,bf,btceur,1517537331000,7102.117938,0.021996,false
183737592,bf,btceur,1517537379000,7101.31824,0.05816584,false
183737885,bf,btceur,1517537402000,7126.6,2.90883486,false
183737880,bf,btceur,1517537402000,7124,0.3,false
183737883,bf,btceur,1517537402000,7126.6,2.09116514,false
183737870,bf,btceur,1517537402000,7118,0.4,false
183737863,bf,btceur,1517537402000,7114,0.3,false
183737857,bf,btceur,1517537402000,7110,0.46111731,false
183738088,bf,btceur,1517537412000,7109.5,0.11363903,true
183738078,bf,btceur,1517537412000,7109.5,0.10528268,true
183738099,bf,btceur,1517537413000,7109.6,0.38107829,true
183738124,bf,btceur,1517537415000,7106,0.3,true
183738153,bf,btceur,1517537417000,7108.515522,0.4,true
183738163,bf,btceur,1517537418000,7106.2,0.002,false
183738168,bf,btceur,1517537419000,7106.2,0.002,false
183738203,bf,btceur,1517537422000,7106.2,0.066,false
183738272,bf,btceur,1517537428000,7106,0.3,true
183738307,bf,btceur,1517537430000,7116.4,0.6,false
183738920,bf,btceur,1517537484000,7127.8,0.01736795,true
183738940,bf,btceur,1517537486000,7127.8,0.4430282,true
183739178,bf,btceur,1517537516000,7130,0.22,true
183739553,bf,btceur,1517537554000,7117,0.06,true
183739579,bf,btceur,1517537555000,7117,0.1,true
183739585,bf,btceur,1517537555000,7117,0.1,true
183739607,bf,btceur,1517537556000,7113,0.3,true
183739603,bf,btceur,1517537556000,7117,0.04,true
183739634,bf,btceur,1517537558000,7113,0.081811,true
183739642,bf,btceur,1517537559000,7113,0.918189,true
183739831,bf,btceur,1517537571000,7105,0.3,true
183739828,bf,btceur,1517537571000,7111.5,0.7739,true
183739837,bf,btceur,1517537571000,7102.3,1,true
183739840,bf,btceur,1517537571000,7101.5,0.13960385,true
183739902,bf,btceur,1517537575000,7105.7,0.13461,true
183740021,bf,btceur,1517537583000,7103.4,0.0534,true
183740017,bf,btceur,1517537583000,7102.917636,0.0414,false
183740230,bf,btceur,1517537596000,7101.4,0.00959,true
183740224,bf,btceur,1517537596000,7101.4,0.0109,true
183740526,bf,btceur,1517537634000,7107,0.12131954,false
183740557,bf,btceur,1517537636000,7107,0.17868046,false
183740740,bf,btceur,1517537662000,7102.8376662,0.144552,true
183740785,bf,btceur,1517537664000,7111,0.3,false
183740792,bf,btceur,1517537664000,7115,0.3,false
183740801,bf,btceur,1517537664000,7118,0.4,false
183740853,bf,btceur,1517537666000,7118.2718376,0.29715833,true
183740889,bf,btceur,1517537667000,7118.2718376,0.14003014,true
183740928,bf,btceur,1517537669000,7118.2718376,4.08886615,true
183741027,bf,btceur,1517537679000,7118.2,0.15711868,false
183741029,bf,btceur,1517537679000,7118.2,0.15705658,false
183741254,bf,btceur,1517537705000,7118.5917168,0.34591641,true
183741639,bf,btceur,1517537737000,7122.8301162,0.0033621,true
183741635,bf,btceur,1517537737000,7123.1499954,0.02,true
183741643,bf,btceur,1517537737000,7119.9,0.002,false
183741633,bf,btceur,1517537737000,7123.1499954,0.03,true
183741637,bf,btceur,1517537737000,7122.910086,0.34049524,true
183741640,bf,btceur,1517537737000,7119.9,0.2,false
183741741,bf,btceur,1517537746000,7138,0.3,false
183741747,bf,btceur,1517537746000,7143,0.3,false
183741733,bf,btceur,1517537746000,7131.6,0.6,false
183741891,bf,btceur,1517537765000,7120,0.3,true
183741889,bf,btceur,1517537765000,7120,0.3,true
183741973,bf,btceur,1517537765000,7119,0.26096537,true
183741859,bf,btceur,1517537765000,7119.711294,0.020543,false
183741970,bf,btceur,1517537765000,7119,0.03903463,true
183741994,bf,btceur,1517537766000,7118.8,0.57947754,true
183742016,bf,btceur,1517537767000,7121.5,2.89052191,false
183746390,bf,btceur,1517538046000,7096,0.3,false
183746379,bf,btceur,1517538046000,7090.8,0.6,false
183746387,bf,btceur,1517538046000,7093,0.3,false
183746465,bf,btceur,1517538048000,7078.526847,0.6,false
183747336,bf,btceur,1517538117000,7088,0.06997417,true
183747346,bf,btceur,1517538119000,7088,0.23002583,true
183748149,bf,btceur,1517538218000,7078.126998,1.97,true
183748831,bf,btceur,1517538304000,7067.730924,0.227014,true
183748850,bf,btceur,1517538306000,7067.730924,0.28458048,true
183749192,bf,btceur,1517538345000,7062.133038,0.227291,true
183749225,bf,btceur,1517538346000,7062.133038,0.009338,true
183749572,bf,btceur,1517538372000,7059,0.3,false
183749647,bf,btceur,1517538383000,7054.935756,0.020308,true
183750148,bf,btceur,1517538433000,7053.33636,7,true
183750233,bf,btceur,1517538445000,7053.33636,3.41868734,true
183750353,bf,btceur,1517538460000,7053.33636,0.5994,true
183750387,bf,btceur,1517538462000,7038.4,0.6,true
183750496,bf,btceur,1517538464000,7076,0.3,false
183750485,bf,btceur,1517538464000,7068,0.3,false
183750489,bf,btceur,1517538464000,7071,0.3,false
183750441,bf,btceur,1517538464000,7051,0.3,false
183750479,bf,btceur,1517538464000,7064,0.3,false
183750466,bf,btceur,1517538464000,7056,0.3,false
183750471,bf,btceur,1517538464000,7059,0.3,false
183750491,bf,btceur,1517538464000,7072,0.1,false
183750443,bf,btceur,1517538464000,7051.6,0.6,false
183750676,bf,btceur,1517538477000,7089.4,0.153784,false
183750898,bf,btceur,1517538487000,7051,0.6,true
183751252,bf,btceur,1517538526000,7063.8923736,0.25780962,false
183751271,bf,btceur,1517538529000,7063,0.2,true
183751276,bf,btceur,1517538532000,7062.932736,0.04806,false
183751278,bf,btceur,1517538532000,7062.932736,0.06168623,false
183751542,bf,btceur,1517538556000,7068,0.0198754,true
183751594,bf,btceur,1517538564000,7068,0.01232195,true
183751604,bf,btceur,1517538568000,7068,0.26780265,true
183751738,bf,btceur,1517538592000,7068,0.3,true
183751749,bf,btceur,1517538595000,7064,0.2,true
183751767,bf,btceur,1517538599000,7075.9,0.6,false
183751802,bf,btceur,1517538605000,7086,0.3,false
183751799,bf,btceur,1517538605000,7081,0.2,false
183752038,bf,btceur,1517538631000,7076,0.3,true
183752031,bf,btceur,1517538631000,7079.3,0.6,true
183752048,bf,btceur,1517538632000,7072,0.09352484,true
183752060,bf,btceur,1517538634000,7080,0.18,true
183752083,bf,btceur,1517538636000,7080,0.02,true
183752122,bf,btceur,1517538641000,7079,0.160469,true
183752130,bf,btceur,1517538643000,7079,0.139531,true
183752276,bf,btceur,1517538665000,7067,0.2567105,true
183752439,bf,btceur,1517538690000,7066.131528,0.1,true
183752527,bf,btceur,1517538699000,7062.8527662,0.04626941,true
183752522,bf,btceur,1517538699000,7063.2,0.002,false
183752621,bf,btceur,1517538713000,7058,0.55173059,false
183752654,bf,btceur,1517538716000,7048.7,0.1,true
183752936,bf,btceur,1517538749000,7046.5,0.5,true
183753046,bf,btceur,1517538752000,7047,0.0072998,false
183753279,bf,btceur,1517538785000,7053.3,0.01334622,true
183753284,bf,btceur,1517538787000,7053.3,0.07,true
183753282,bf,btceur,1517538787000,7053.3,0.12311664,true
183753290,bf,btceur,1517538789000,7053.3,0.05,true
183753294,bf,btceur,1517538790000,7053.3,0.01,true
183753305,bf,btceur,1517538791000,7053.3,0.01079805,true
183753333,bf,btceur,1517538794000,7053.3,0.5,true
183753339,bf,btceur,1517538795000,7053.3,0.05,true
183753343,bf,btceur,1517538796000,7053.3,0.2,true
183753391,bf,btceur,1517538805000,7053.3,0.17,true
183753426,bf,btceur,1517538812000,7053.3,1.43030734,true
183753529,bf,btceur,1517538827000,7046,0.00701403,false
183754183,bf,btceur,1517538933000,7030.1,0.1,true
183755266,bf,btceur,1517539004000,7050,0.3,false
183755247,bf,btceur,1517539004000,7041.2,0.6,false
183755270,bf,btceur,1517539004000,7052.8,0.2,false
183755253,bf,btceur,1517539004000,7043,0.3,false
183755256,bf,btceur,1517539004000,7043.1,0.1,false
183755262,bf,btceur,1517539004000,7046,0.2,false
183755244,bf,btceur,1517539004000,7038,0.3,false
183756051,bf,btceur,1517539075000,7047,0.2,true
183756497,bf,btceur,1517539135000,7043,0.3,true
183756502,bf,btceur,1517539135000,7036,0.3,true
183756499,bf,btceur,1517539135000,7041,0.3,true
183756567,bf,btceur,1517539147000,7032,0.3,true
183756570,bf,btceur,1517539147000,7028,0.3,true
183757119,bf,btceur,1517539204000,7066,0.3,false
183757123,bf,btceur,1517539204000,7069,0.3,false
183757114,bf,btceur,1517539204000,7060,0.05,false
183757901,bf,btceur,1517539273000,7081.5,0.6,true
183757970,bf,btceur,1517539280000,7091.8,1.173,false
183758298,bf,btceur,1517539306000,7101,0.2,false
183758294,bf,btceur,1517539306000,7098,0.3,false
183758305,bf,btceur,1517539306000,7104.7,1.597,false
183758307,bf,btceur,1517539306000,7105,0.3,false
183758430,bf,btceur,1517539310000,7107.715824,0.6,true
183759550,bf,btceur,1517539393000,7099.5,0.1,true
183759660,bf,btceur,1517539401000,7093,0.1,true
183759816,bf,btceur,1517539420000,7092.2,0.1,true
183759832,bf,btceur,1517539422000,7092.2,0.04997,true
183759830,bf,btceur,1517539422000,7092.2,0.1,true
183759845,bf,btceur,1517539423000,7092.2,0.01,true
183759874,bf,btceur,1517539429000,7092.2,0.04997,true
183759884,bf,btceur,1517539431000,7092.2,0.1,true
183759886,bf,btceur,1517539431000,7092.2,0.00694631,true
183759881,bf,btceur,1517539431000,7092.2,0.04997,true
183759893,bf,btceur,1517539432000,7092.2816526,0.02,false
183759897,bf,btceur,1517539432000,7092.2816526,0.5865,false
183759895,bf,btceur,1517539432000,7092.2816526,0.5665,false
183759915,bf,btceur,1517539434000,7092.2016828,0.75,false
183759919,bf,btceur,1517539434000,7092.2016828,0.12030369,false
183759917,bf,btceur,1517539434000,7092.2016828,0.0485,false
183759909,bf,btceur,1517539434000,7092.2,0.2,true
183759911,bf,btceur,1517539434000,7092.2,0.01134,true
183759959,bf,btceur,1517539439000,7082,0.18395,true
183760090,bf,btceur,1517539461000,7082,0.6,true
183760255,bf,btceur,1517539482000,7081.4057598,0.11292927,true
183760257,bf,btceur,1517539482000,7081.32579,1.13440238,true
183760356,bf,btceur,1517539495000,7081.32579,0.62369829,true
183760472,bf,btceur,1517539511000,7081.32579,2.05524824,true
183760513,bf,btceur,1517539526000,7081.32579,2.90121123,true
183762098,bf,btceur,1517539694000,7072.6090818,0.14686425,true
183762111,bf,btceur,1517539695000,7072,0.1,false
183762124,bf,btceur,1517539697000,7072,0.07276869,false
183762202,bf,btceur,1517539713000,7073.32881,0.082,true
183762789,bf,btceur,1517539777000,7066,0.3,true
183763192,bf,btceur,1517539810000,7077.3273,0.00416065,true
183763309,bf,btceur,1517539828000,7085,0.09998063,false
183763324,bf,btceur,1517539828000,7085,0.1182,false
183764072,bf,btceur,1517539883000,7101.4,0.46669,false
183764096,bf,btceur,1517539884000,7101.3,0.02,false
183764216,bf,btceur,1517539890000,7102.8,0.09339758,false
183764322,bf,btceur,1517539902000,7105.9564884,0.48660242,true
183764723,bf,btceur,1517539924000,7108,0.05,true
183764721,bf,btceur,1517539924000,7108,0.2,true
183766169,bf,btceur,1517540059000,7124.6,0.56,true
183766496,bf,btceur,1517540084000,7126,0.06331152,true
183766537,bf,btceur,1517540086000,7126,0.13068927,true
183766545,bf,btceur,1517540087000,7126,0.02545582,true
183766548,bf,btceur,1517540087000,7126,0.08054339,true
183766629,bf,btceur,1517540092000,7118,0.2,true
183766623,bf,btceur,1517540092000,7122,0.3,true
183766701,bf,btceur,1517540098000,7121,0.04952093,true
183766707,bf,btceur,1517540099000,7121,0.1,true
183766956,bf,btceur,1517540127000,7130,0.03496557,true
183767017,bf,btceur,1517540134000,7133,0.41493532,true
183767039,bf,btceur,1517540136000,7133,0.04468823,true
183767089,bf,btceur,1517540141000,7133,0.457,true
183767243,bf,btceur,1517540159000,7133.2261902,0.19601072,false
183767525,bf,btceur,1517540183000,7188,0.3,false
183767517,bf,btceur,1517540183000,7185.7,2.364,false
183767491,bf,btceur,1517540183000,7173.7,1.16,false
183767457,bf,btceur,1517540183000,7152.7,0.56,false
183767519,bf,btceur,1517540183000,7185.8,1.734,false
183767479,bf,btceur,1517540183000,7168,0.3,false
183767486,bf,btceur,1517540183000,7173,0.3,false
183767509,bf,btceur,1517540183000,7183,0.3,false
183767527,bf,btceur,1517540183000,7188.1,0.5,false
183767493,bf,btceur,1517540183000,7174.1,1.581,false
183767498,bf,btceur,1517540183000,7178,0.3,false
183767597,bf,btceur,1517540184000,7216.6,1,false
183767574,bf,btceur,1517540184000,7202.3,1,false
183767600,bf,btceur,1517540184000,7218.6,3.882,false
183767672,bf,btceur,1517540184000,7149.2201502,0.5,false
183767591,bf,btceur,1517540184000,7213,1,false
183767576,bf,btceur,1517540184000,7202.9,2.594,false
183767603,bf,btceur,1517540184000,7220.2,5.291,false
183767572,bf,btceur,1517540184000,7201.6,3.536,false
183767673,bf,btceur,1517540184000,7172.7,0.1,false
183767786,bf,btceur,1517540185000,7186.4,0.71432479,true
183767689,bf,btceur,1517540185000,7181.3,0.2,false
183767675,bf,btceur,1517540185000,7176.1699728,0.6580126,false
183767782,bf,btceur,1517540185000,7186.4,0.10234312,true
183767728,bf,btceur,1517540185000,7186.4,0.01129702,true
183767707,bf,btceur,1517540185000,7177.8,0.4,true
183767791,bf,btceur,1517540185000,7186.4,0.23835332,true
183767784,bf,btceur,1517540185000,7186.4,0.13567521,true
183767776,bf,btceur,1517540185000,7186.4,2.19618465,true
183767738,bf,btceur,1517540185000,7186.4,0.1,true
183767793,bf,btceur,1517540185000,7186.4,0.1,true
183767679,bf,btceur,1517540185000,7177.8,0.4,true
183767789,bf,btceur,1517540185000,7186.4,0.1,true
183767701,bf,btceur,1517540185000,7185.6,0.8,true
183767694,bf,btceur,1517540185000,7177.8,0.1175796,true
183767699,bf,btceur,1517540185000,7183,0.997,false
183767724,bf,btceur,1517540185000,7186.4,0.1,true
183767691,bf,btceur,1517540185000,7183,0.162,false
183767690,bf,btceur,1517540185000,7182.7,1.579,false
183767696,bf,btceur,1517540185000,7177.8,0.00768225,true
183767703,bf,btceur,1517540185000,7185.6,0.144,true
183767705,bf,btceur,1517540185000,7177.8,0.456,true
183767796,bf,btceur,1517540185000,7186.4,1.49282189,true
183767692,bf,btceur,1517540185000,7177.8,0.897,true
183767934,bf,btceur,1517540187000,7177.1,0.17643399,true
183767910,bf,btceur,1517540187000,7177.8,0.31573815,true
183767924,bf,btceur,1517540187000,7186.3261374,0.6,false
183767931,bf,btceur,1517540187000,7177.1,0.3290721,true
183767912,bf,btceur,1517540187000,7177.1,0.1191077,true
183767929,bf,btceur,1517540187000,7177.1,0.04171483,true
183767964,bf,btceur,1517540188000,7178,0.7905,true
183767943,bf,btceur,1517540188000,7177.1,0.34365878,true
183767966,bf,btceur,1517540188000,7178,0.7905,true
183767968,bf,btceur,1517540188000,7177.1,0.25726908,true
183767945,bf,btceur,1517540188000,7177.1,1.51073092,true
183768158,bf,btceur,1517540192000,7181,0.00880005,true
183768163,bf,btceur,1517540192000,7181,0.01727884,true
183768140,bf,btceur,1517540192000,7183.287285,0.27499602,false
183768151,bf,btceur,1517540192000,7181,0.02251893,true
183768193,bf,btceur,1517540193000,7196.3,0.5994,false
183768224,bf,btceur,1517540193000,7181.7678588,0.5,false
183768226,bf,btceur,1517540193000,7181.7678588,0.17657281,false
183768222,bf,btceur,1517540193000,7181.7678588,0.15137556,false
183768262,bf,btceur,1517540194000,7185.6064092,0.081,false
183768247,bf,btceur,1517540194000,7181.0481306,0.10357027,false
183768252,bf,btceur,1517540194000,7183.2073152,0.23492693,false
183768233,bf,btceur,1517540194000,7181,0.03240218,true
183768245,bf,btceur,1517540194000,7181.0481306,0.02850276,false
183768235,bf,btceur,1517540194000,7181,0.53864588,true
183768250,bf,btceur,1517540194000,7181.7678588,0.22342719,false
183768304,bf,btceur,1517540196000,7193.8,0.13194096,false
183768672,bf,btceur,1517540205000,7182.2,0.37249352,true
183769087,bf,btceur,1517540219000,7181.28804,0.5,false
183769307,bf,btceur,1517540237000,7187,0.01607467,true
183769581,bf,btceur,1517540250000,7186.9658958,0.01607145,false
183769665,bf,btceur,1517540253000,7186.9658958,0.5,false
183769755,bf,btceur,1517540258000,7186.1661978,0.4,false
183770221,bf,btceur,1517540277000,7187.685624,0.22750648,false
183771112,bf,btceur,1517540308000,7199.7,0.32525126,true
183771184,bf,btceur,1517540309000,7201,0.05384045,true
183771204,bf,btceur,1517540310000,7201,0.24615955,true
183772211,bf,btceur,1517540352000,7213.27596,0.34541001,false
183772225,bf,btceur,1517540352000,7213.27596,0.2064658,false
183773485,bf,btceur,1517540418000,7237,3.27030699,true
183773489,bf,btceur,1517540418000,7237,1,true
183773494,bf,btceur,1517540418000,7237,0.48947006,true
183773516,bf,btceur,1517540419000,7237,0.1,true
183773528,bf,btceur,1517540420000,7237,0.09,true
183773543,bf,btceur,1517540421000,7237,0.10522295,true
183773697,bf,btceur,1517540430000,7237.7467188,0.50199656,false
183773704,bf,btceur,1517540430000,7237.9066584,0.004,false
183773676,bf,btceur,1517540430000,7236,3.474,true
183773706,bf,btceur,1517540430000,7237.9866282,0.38499656,false
183773691,bf,btceur,1517540430000,7237.2669,0.92199656,false
183773702,bf,btceur,1517540430000,7237.7467188,0.4,false
183773708,bf,btceur,1517540430000,7237.9866282,0.21500344,false
183773700,bf,btceur,1517540430000,7237.7467188,0.07800344,false
183773680,bf,btceur,1517540430000,7237.2669,0.7895,false
183773712,bf,btceur,1517540430000,7238.066598,0.06699656,false
183773682,bf,btceur,1517540430000,7237.2669,0.58,false
183773710,bf,btceur,1517540430000,7237.9866282,0.4,false
183773695,bf,btceur,1517540430000,7237.2669,0.07800344,false
183773689,bf,btceur,1517540430000,7237.2669,0.26000344,false
183773725,bf,btceur,1517540431000,7241.5052994,0.00273817,false
183773733,bf,btceur,1517540431000,7244.464182,0.00707195,false
183773715,bf,btceur,1517540431000,7238.066598,0.03100344,false
183773746,bf,btceur,1517540431000,7247.1031854,0.2424427,false
183773721,bf,btceur,1517540431000,7240.465692,0.1998,false
183773723,bf,btceur,1517540431000,7240.7056014,0.00498644,false
183773719,bf,btceur,1517540431000,7238.866296,0.1998,false
183773717,bf,btceur,1517540431000,7238.066598,0.002,false
183773729,bf,btceur,1517540431000,7243.664484,0.02,false
183773727,bf,btceur,1517540431000,7242.1450578,0.1998,false
183773731,bf,btceur,1517540431000,7243.7444538,0.1998,false
183773742,bf,btceur,1517540431000,7246.9432458,0.3472573,false
183773744,bf,btceur,1517540431000,7247.0232156,0.1998,false
183773757,bf,btceur,1517540432000,7237,0.92656071,true
183774250,bf,btceur,1517540467000,7237.2669,0.02504062,true
183774246,bf,btceur,1517540467000,7239,0.3,true
183774251,bf,btceur,1517540467000,7237,0.3,true
183774253,bf,btceur,1517540467000,7234.9477758,0.6655,true
183774248,bf,btceur,1517540467000,7237.3468698,0.60616575,true
183774255,bf,btceur,1517540467000,7234.867806,1.67130363,true
183774291,bf,btceur,1517540468000,7238,0.3,true
183774337,bf,btceur,1517540468000,7233,0.202,true
183774331,bf,btceur,1517540468000,7233,0.098,true
183774503,bf,btceur,1517540473000,7225,0.3,true
183774820,bf,btceur,1517540483000,7215.8,0.01680668,true
183774823,bf,btceur,1517540483000,7215.8,0.08319332,true
183774956,bf,btceur,1517540487000,7199.2,0.9972,true
183774960,bf,btceur,1517540487000,7199.2,0.0028,true
183775005,bf,btceur,1517540488000,7202.0002182,0.5,false
183775009,bf,btceur,1517540488000,7202.080188,4.39071536,false
183775007,bf,btceur,1517540488000,7202.0002182,0.19648464,false
183775235,bf,btceur,1517540493000,7188.5,1,true
183775401,bf,btceur,1517540500000,7188.4,1,true
183775461,bf,btceur,1517540503000,7193.80399938,0.002,false
183775715,bf,btceur,1517540518000,7194.50443793,0.194054,false
183775712,bf,btceur,1517540518000,7193.90406204,0.1,false
183775710,bf,btceur,1517540518000,7193.80399938,0.061274,false
183775851,bf,btceur,1517540523000,7185.5,0.1,true
183775901,bf,btceur,1517540525000,7184.9,0.02497801,false
183776130,bf,btceur,1517540540000,7193.3,0.56894448,false
183776126,bf,btceur,1517540540000,7193.3,0.00585,false
183776430,bf,btceur,1517540562000,7181.2,0.028,true
183776428,bf,btceur,1517540562000,7181.3,0.004,true
183776585,bf,btceur,1517540579000,7174.5,0.006,true
183776860,bf,btceur,1517540597000,7156.0196172,0.08,false
183776855,bf,btceur,1517540597000,7156.0196172,0.08749783,false
183776922,bf,btceur,1517540605000,7156.3,0.18550736,true
183776994,bf,btceur,1517540613000,7169.9430798,0.02,true
183777011,bf,btceur,1517540614000,7179.3,0.35283769,false
183777505,bf,btceur,1517540646000,7193,0.4,false
183777603,bf,btceur,1517540649000,7199,0.4,false
183777647,bf,btceur,1517540650000,7194,0.002,false
183777652,bf,btceur,1517540650000,7194,0.1,false
183777660,bf,btceur,1517540650000,7194,0.002,false
183777688,bf,btceur,1517540651000,7194,0.1,false
183777690,bf,btceur,1517540651000,7194,1.1151,false
183777679,bf,btceur,1517540651000,7194,0.002,false
183777697,bf,btceur,1517540651000,7194,1.5512,false
183777745,bf,btceur,1517540652000,7200,0.002,false
183777739,bf,btceur,1517540652000,7200,2.67206,false
183777790,bf,btceur,1517540653000,7200,0.91354,false
183777778,bf,btceur,1517540653000,7200,0.002,false
183777918,bf,btceur,1517540657000,7204,0.15735245,false
183777922,bf,btceur,1517540658000,7204,0.002,false
183777952,bf,btceur,1517540659000,7201.5509403,0.01220821,true
183777950,bf,btceur,1517540659000,7201.791,0.02872565,true
183777946,bf,btceur,1517540659000,7201.791,0.11755722,true
183777948,bf,btceur,1517540659000,7201.791,0.05305117,true
183777961,bf,btceur,1517540660000,7198,0.1,false
183778032,bf,btceur,1517540665000,7198,0.49266665,false
183778938,bf,btceur,1517540743000,7189.7079951,0.4,false
183778952,bf,btceur,1517540743000,7182.8,0.05911,true
183778942,bf,btceur,1517540743000,7195.2293682,0.19817314,false
183778943,bf,btceur,1517540743000,7197.6,0.2,true
183778929,bf,btceur,1517540743000,7182.8,0.04089,true
183778949,bf,btceur,1517540743000,7197.6,0.69814686,true
183778940,bf,btceur,1517540743000,7194.589209,0.04103,false
183778932,bf,btceur,1517540743000,7188.187617,0.2,false
183778934,bf,btceur,1517540743000,7188.9077961,0.57,false
183778936,bf,btceur,1517540743000,7188.987816,0.13895,false
183779272,bf,btceur,1517540767000,7184.5,0.02663762,false
183779274,bf,btceur,1517540767000,7184.5067016,0.10064524,false
183779233,bf,btceur,1517540767000,7184.986821,0.03464885,true
183779278,bf,btceur,1517540768000,7184.6,0.1,true
183779571,bf,btceur,1517540797000,7171.7,0.19279301,true
183779565,bf,btceur,1517540797000,7176,0.4,true
183779569,bf,btceur,1517540797000,7173,0.3,true
183779611,bf,btceur,1517540799000,7189.7,0.07583747,false
183779663,bf,btceur,1517540802000,7170.8,0.06204908,true
183779689,bf,btceur,1517540805000,7170.8,0.02808905,true
183779691,bf,btceur,1517540805000,7170.8,0.35854377,true
183780405,bf,btceur,1517540908000,7162,0.4,true
183780400,bf,btceur,1517540908000,7165,0.3,true
183780390,bf,btceur,1517540908000,7169.3,0.1,true
183780392,bf,btceur,1517540908000,7169,0.4,true
183780599,bf,btceur,1517540915000,7163,5.3236,true
183780603,bf,btceur,1517540915000,7159,6.6549,true
183780742,bf,btceur,1517540920000,7157,0.32542001,true
183780748,bf,btceur,1517540920000,7157,0.635012,true
183780752,bf,btceur,1517540920000,7157,0.04573243,true
183780901,bf,btceur,1517540929000,7144,0.3,true
183780908,bf,btceur,1517540929000,7139,0.3,true
183781342,bf,btceur,1517540953000,7151.4584829,0.00685,false
183782002,bf,btceur,1517540991000,7138.2,0.00193686,false
183781985,bf,btceur,1517540991000,7138.2,0.10111358,false
183782366,bf,btceur,1517541016000,7124.971896,0.0114,true
183782641,bf,btceur,1517541051000,7123,0.09162715,false
183783037,bf,btceur,1517541095000,7146,0.4,false
183783102,bf,btceur,1517541113000,7146,0.5,true
183783399,bf,btceur,1517541169000,7135.5,0.10305044,true
183783495,bf,btceur,1517541194000,7125,0.4,true
183783643,bf,btceur,1517541217000,7113,0.4,true
183783679,bf,btceur,1517541220000,7130.9733885,1.99834142,false
183783671,bf,btceur,1517541220000,7129.77309,0.49305065,false
183783669,bf,btceur,1517541220000,7129.0529109,1,false
183783675,bf,btceur,1517541220000,7130.2532094,0.003,false
183783673,bf,btceur,1517541220000,7129.8531099,0.015,false
183783677,bf,btceur,1517541220000,7130.9733885,0.5,false
183783915,bf,btceur,1517541270000,7129.8,0.2,true
183783878,bf,btceur,1517541270000,7129.77309,0.4278,false
183784174,bf,btceur,1517541290000,7155,0.3,false
183784185,bf,btceur,1517541291000,7158,0.0845974,false
183784289,bf,btceur,1517541306000,7157,0.27227842,false
183784323,bf,btceur,1517541307000,7132,0.32307774,true
183784319,bf,btceur,1517541307000,7136,0.3,true
183784562,bf,btceur,1517541348000,7153.6190202,0.016,true
183784754,bf,btceur,1517541376000,7152,0.08274683,false
183784757,bf,btceur,1517541376000,7152,0.0559,false
183784785,bf,btceur,1517541384000,7155,0.0567697,false
183784788,bf,btceur,1517541384000,7155,0.2798,false
183784791,bf,btceur,1517541385000,7155,0.0634303,false
183785020,bf,btceur,1517541415000,7175.9,0.145,false
183785012,bf,btceur,1517541415000,7175.9,0.07178616,false
183785016,bf,btceur,1517541415000,7175.9,0.1,false
183785026,bf,btceur,1517541415000,7175.9,0.133,false
183785262,bf,btceur,1517541439000,7186.8,0.14448796,true
183785309,bf,btceur,1517541442000,7198.4,0.2787018,false
183785458,bf,btceur,1517541449000,7200,0.59401309,false
183785446,bf,btceur,1517541449000,7200,0.00810007,false
183785461,bf,btceur,1517541450000,7200,1.58571,false
183785606,bf,btceur,1517541457000,7201.791,0.6,false
183785874,bf,btceur,1517541478000,7222,0.03,false
183785890,bf,btceur,1517541478000,7222,0.0624,false
183785867,bf,btceur,1517541478000,7222,2,false
183785901,bf,btceur,1517541478000,7221,0.6,false
183785881,bf,btceur,1517541478000,7222,0.1,false
183785877,bf,btceur,1517541478000,7209.1528308,0.0048,true
183785900,bf,btceur,1517541478000,7222.8362337,0.7336,true
183785862,bf,btceur,1517541478000,7222,0.6781,false
183785904,bf,btceur,1517541479000,7209.8,0.04,true
183785929,bf,btceur,1517541479000,7221,0.04530578,false
183785994,bf,btceur,1517541484000,7220,0.0746,false
183786008,bf,btceur,1517541485000,7220,0.0665,false
183786004,bf,btceur,1517541485000,7220,0.2216,false
183786017,bf,btceur,1517541485000,7220,1.1082,false
183786000,bf,btceur,1517541485000,7220,0.0121,false
183786002,bf,btceur,1517541485000,7220,0.0443,false
183786015,bf,btceur,1517541485000,7220,0.024,false
183786006,bf,btceur,1517541485000,7220,0.0554,false
183786011,bf,btceur,1517541485000,7220,0.0419,false
183786025,bf,btceur,1517541486000,7220,0.1108,false
183786218,bf,btceur,1517541501000,7230.2,0.5994,false
183786240,bf,btceur,1517541502000,7233,0.5985,false
183786418,bf,btceur,1517541508000,7236,0.4,false
183786416,bf,btceur,1517541508000,7235.8,0.1,false
183786453,bf,btceur,1517541512000,7217.79498,0.6,false
183786469,bf,btceur,1517541512000,7217.79498,0.06059303,false
183786651,bf,btceur,1517541537000,7209.8,0.9599,true
183786691,bf,btceur,1517541540000,7209.79299,0.03360581,false
183786702,bf,btceur,1517541541000,7209.79299,0.11842152,false
183786954,bf,btceur,1517541553000,7228,0.0122212,false
183786987,bf,btceur,1517541554000,7227,0.1114,false
183786989,bf,btceur,1517541554000,7227,0.2219,false
183787011,bf,btceur,1517541555000,7226.5,0.0444,false
183787032,bf,btceur,1517541556000,7225.6,0.555,false
183787092,bf,btceur,1517541562000,7227,0.4,false
183787090,bf,btceur,1517541562000,7227,1.1883474,false
183787104,bf,btceur,1517541564000,7227,0.32962202,false
183787488,bf,btceur,1517541603000,7240.1,0.1,true
183787492,bf,btceur,1517541604000,7240.1,0.5,true
183787701,bf,btceur,1517541621000,7251,0.3,false
183787743,bf,btceur,1517541621000,7270,0.3,false
183787720,bf,btceur,1517541621000,7260,0.3,false
183787729,bf,btceur,1517541621000,7265,0.3,false
183787806,bf,btceur,1517541628000,7247.1622833,0.01666997,true
183788077,bf,btceur,1517541651000,7219,0.3,true
183788064,bf,btceur,1517541651000,7229.1,0.1,true
183788075,bf,btceur,1517541651000,7220.4,0.1984932,true
183788290,bf,btceur,1517541663000,7218.6751989,0.00632,true
183788288,bf,btceur,1517541663000,7218.7552188,0.005,true
183788327,bf,btceur,1517541665000,7210,0.4,true
183788322,bf,btceur,1517541665000,7216.9,0.1,true
183788330,bf,btceur,1517541665000,7208.3,0.11884678,true
183788361,bf,btceur,1517541667000,7218.9152586,0.048765,true
183788813,bf,btceur,1517541696000,7201.8710199,0.06779,false
183789164,bf,btceur,1517541730000,7204,0.3,false
183789246,bf,btceur,1517541746000,7216.9,0.1,false
183789242,bf,btceur,1517541746000,7215,0.3,false
183789300,bf,btceur,1517541750000,7213,0.01651,false
183789303,bf,btceur,1517541750000,7213,1.65439907,false
183789318,bf,btceur,1517541751000,7209.8730099,0.46248745,true
183789324,bf,btceur,1517541751000,7208.2726119,1.1928,true
183789316,bf,btceur,1517541751000,7209.8730099,0.02,true
183789322,bf,btceur,1517541751000,7209.4729104,0.005,true
183789320,bf,btceur,1517541751000,7209.79299,0.52,true
183789326,bf,btceur,1517541751000,7207.392393,0.575,true
183789350,bf,btceur,1517541754000,7212,0.03479745,false
183789346,bf,btceur,1517541754000,7207,0.05111255,false
183789729,bf,btceur,1517541810000,7217.2,0.08284,false
183789735,bf,btceur,1517541810000,7218,1.09101732,false
183789731,bf,btceur,1517541810000,7217.2,0.51716,false
183789740,bf,btceur,1517541820000,7218,0.011,false
183789866,bf,btceur,1517541831000,7216.6,0.48,true
183790144,bf,btceur,1517541888000,7206.8,0.02,true
183790136,bf,btceur,1517541888000,7206.8,0.1,true
183790435,bf,btceur,1517541924000,7220.1,0.0111,false
183790433,bf,btceur,1517541924000,7220.1,0.09591099,false
183790447,bf,btceur,1517541925000,7220.1,0.1421,false
183790451,bf,btceur,1517541925000,7220.1,0.0333,false
183790449,bf,btceur,1517541925000,7220.1,0.16386051,false
183790500,bf,btceur,1517541927000,7219.395378,0.00609129,true
183790502,bf,btceur,1517541927000,7219.395378,0.006086,true
183790507,bf,btceur,1517541928000,7219.395378,0.09493488,true
183790613,bf,btceur,1517541935000,7217.79498,0.023187,true
183790850,bf,btceur,1517541959000,7212,0.3,false
183791107,bf,btceur,1517541993000,7211,0.00094905,false
183791680,bf,btceur,1517542080000,7209.79299,0.0389,false
183791709,bf,btceur,1517542082000,7210.2,0.4462715,true
183791728,bf,btceur,1517542083000,7217,0.2385,false
183791731,bf,btceur,1517542084000,7217,0.0554,false
183791777,bf,btceur,1517542088000,7213.793985,1,false
183791793,bf,btceur,1517542090000,7221,0.09588585,false
183791796,bf,btceur,1517542090000,7221,0.30411415,false
183791804,bf,btceur,1517542090000,7225,0.4,false
183792318,bf,btceur,1517542173000,7224.0365322,0.02911189,false
183792320,bf,btceur,1517542173000,7225.79697,1.1472456,false
183792316,bf,btceur,1517542173000,7223.396373,1.83,false
183792450,bf,btceur,1517542191000,7204,3.46671501,true
183792743,bf,btceur,1517542225000,7228,3.5231,false
183792760,bf,btceur,1517542225000,7236,0.3,false
183792769,bf,btceur,1517542225000,7239,0.3,false
183792740,bf,btceur,1517542225000,7227.3,0.6,false
183792750,bf,btceur,1517542225000,7231,0.59322452,false
183792764,bf,btceur,1517542225000,7237.7,0.1,false
183792748,bf,btceur,1517542225000,7231,0.3,false
183792867,bf,btceur,1517542229000,7245,0.260683,false
183792876,bf,btceur,1517542229000,7249,0.3,false
183792869,bf,btceur,1517542229000,7245,0.039317,false
183792999,bf,btceur,1517542244000,7234.599159,4.14108495,true
183793007,bf,btceur,1517542244000,7233,1.106,false
183793016,bf,btceur,1517542244000,7233,0.1,false
183793001,bf,btceur,1517542244000,7233.8789799,0.52303451,true
183793168,bf,btceur,1517542250000,7260,0.3,false
183793195,bf,btceur,1517542251000,7239.3203331,0.6,false
183793231,bf,btceur,1517542254000,7257.4,0.5994,false
183793317,bf,btceur,1517542265000,7245,0.2,true
183793347,bf,btceur,1517542268000,7241.9,0.165126,true
183793378,bf,btceur,1517542269000,7258.4,0.165126,false
183793404,bf,btceur,1517542270000,7242.8,0.6,true
183793558,bf,btceur,1517542284000,7260.7,0.6,false
183793634,bf,btceur,1517542289000,7251.2432982,0.07698566,false
183793644,bf,btceur,1517542289000,7251.5,0.1,true
183793639,bf,btceur,1517542289000,7267.4,0.07690867,false
183793650,bf,btceur,1517542290000,7251.6,0.5,true
183793695,bf,btceur,1517542293000,7249.8829599,0.23644083,false
183793705,bf,btceur,1517542294000,7250.603139,0.016,false
183793709,bf,btceur,1517542294000,7254.7641738,0.07400403,false
183793707,bf,btceur,1517542294000,7250.603139,0.23644046,false
183793711,bf,btceur,1517542294000,7257.1647708,0.02,false
183793713,bf,btceur,1517542294000,7258.605129,0.04535,false
183793703,bf,btceur,1517542294000,7250.603139,0.03577,false
183793725,bf,btceur,1517542295000,7261.9659648,0.00328382,false
183793745,bf,btceur,1517542296000,7262.606124,0.2,false
183793790,bf,btceur,1517542307000,7288.38694875,3.017423,true
183793770,bf,btceur,1517542307000,7263,0.099877,true
183793773,bf,btceur,1517542307000,7263,2,true
183793834,bf,btceur,1517542308000,7285.3764626,0.1,true
183793847,bf,btceur,1517542309000,7289.39044413,0.38240186,true
183793851,bf,btceur,1517542309000,7282.36597646,0.15209214,true
183793849,bf,btceur,1517542309000,7285.3764626,0.2,true
183793845,bf,btceur,1517542309000,7289.39044413,0.01759814,true
183793911,bf,btceur,1517542315000,7287.1084004,0.1,false
183793913,bf,btceur,1517542315000,7287.1887,0.185,false
183793916,bf,btceur,1517542317000,7283.36947184,0.37663411,true
183793931,bf,btceur,1517542320000,7277.3921488,0.51163811,true
183793929,bf,btceur,1517542320000,7278.355744,0.08836189,true
183793942,bf,btceur,1517542322000,7281,0.05286,false
183793988,bf,btceur,1517542327000,7278,0.02205023,false
183794212,bf,btceur,1517542346000,7264.4,0.1,true
183794239,bf,btceur,1517542347000,7269,0.27570091,false
183794244,bf,btceur,1517542347000,7269,0.02429909,false
183794273,bf,btceur,1517542348000,7273,0.3,false
183794270,bf,btceur,1517542348000,7264.8,0.5457182,true
183794319,bf,btceur,1517542354000,7265,0.1,true
183794326,bf,btceur,1517542355000,7267.2743992,0.75,true
183794426,bf,btceur,1517542364000,7262.4,0.0542818,true
183794415,bf,btceur,1517542364000,7265.3472088,0.36,true
183794428,bf,btceur,1517542364000,7262.3761236,0.8838,true
183794425,bf,btceur,1517542364000,7263.1791196,0.9258,true
183794430,bf,btceur,1517542364000,7262.295824,1.10584918,true
183794417,bf,btceur,1517542364000,7265.2669092,0.199,true
183794435,bf,btceur,1517542365000,7265,0.7032189,false
183794450,bf,btceur,1517542366000,7265,0.25475386,false
183794484,bf,btceur,1517542370000,7281,0.14714,false
183794470,bf,btceur,1517542370000,7265,0.14787642,false
183794481,bf,btceur,1517542370000,7278,0.03806939,false
183794477,bf,btceur,1517542370000,7276.9,0.6,false
183794479,bf,btceur,1517542370000,7278,0.23988038,false
183794608,bf,btceur,1517542382000,7265.507808,0.5,true
183794616,bf,btceur,1517542382000,7265.507808,0.5,true
183794610,bf,btceur,1517542382000,7265.507808,0.5,true
183794598,bf,btceur,1517542382000,7267.916796,0.00331642,true
183794606,bf,btceur,1517542382000,7265.507808,0.5,true
183794600,bf,btceur,1517542382000,7265.507808,0.43,true
183794614,bf,btceur,1517542382000,7265.507808,0.5,true
183794618,bf,btceur,1517542382000,7265.507808,0.5,true
183794612,bf,btceur,1517542382000,7265.507808,0.5,true
183794602,bf,btceur,1517542382000,7265.507808,0.6,true
183794604,bf,btceur,1517542382000,7265.507808,0.22,true
183794620,bf,btceur,1517542382000,7265.507808,0.43387283,true
183794627,bf,btceur,1517542382000,7265,0.2,true
183794751,bf,btceur,1517542387000,7272.1,0.24221928,true
183794749,bf,btceur,1517542387000,7272.1,0.24638083,true
183794758,bf,btceur,1517542388000,7272.1,0.05444599,true
183795019,bf,btceur,1517542416000,7297.5,0.06583295,false
183795058,bf,btceur,1517542419000,7302.9,0.05732647,false
183795060,bf,btceur,1517542419000,7302.9,0.5507,false
183795064,bf,btceur,1517542419000,7302.9,0.33697353,false
183795062,bf,btceur,1517542419000,7302.9,0.055,false
183795088,bf,btceur,1517542420000,7301.3,0.055,false
183795086,bf,btceur,1517542420000,7301.3,0.13973,false
183795101,bf,btceur,1517542421000,7300,0.0624,false
183795095,bf,btceur,1517542421000,7300.7,0.2753,false
183795848,bf,btceur,1517542464000,7295.3,0.59281685,true
183795871,bf,btceur,1517542465000,7306.1,0.2752,false
183796136,bf,btceur,1517542482000,7301.7229276,0.008,true
183796412,bf,btceur,1517542515000,7305,0.05470024,false
183797439,bf,btceur,1517542599000,7296,0.1,true
183797447,bf,btceur,1517542599000,7291.3,0.2752,true
183797580,bf,btceur,1517542608000,7287.2,0.1,true
183797773,bf,btceur,1517542625000,7291,0.59854069,false
183797785,bf,btceur,1517542626000,7282,0.11908183,false
183797784,bf,btceur,1517542626000,7283.17372,0.06985251,true
183797782,bf,btceur,1517542626000,7289.0355908,0.02,true
183798503,bf,btceur,1517542707000,7306,0.06272,false
183798696,bf,btceur,1517542733000,7304,0.2198,false
183798692,bf,btceur,1517542733000,7304,0.0549,false
183798713,bf,btceur,1517542735000,7303.24862,0.08629351,true
183798711,bf,btceur,1517542735000,7303.4895188,0.00088938,true
183798981,bf,btceur,1517542769000,7302,0.2,false
183799376,bf,btceur,1517542804000,7279.15874,0.27830746,true
183799875,bf,btceur,1517542857000,7302,0.28576104,false
183800120,bf,btceur,1517542870000,7305,0.3,false
183800339,bf,btceur,1517542907000,7281,0.2,true
183800341,bf,btceur,1517542907000,7280.9,0.04374246,true
183800362,bf,btceur,1517542910000,7274.5,0.59854069,true
183800360,bf,btceur,1517542910000,7276,0.2,true
183800358,bf,btceur,1517542910000,7276.8,0.1,true
183800399,bf,btceur,1517542913000,7273.3,0.09699506,true
183800418,bf,btceur,1517542914000,7272,0.01106,true
183800605,bf,btceur,1517542944000,7291.2,0.022,false
183800660,bf,btceur,1517542949000,7296.7,0.6,false
183800743,bf,btceur,1517542958000,7276.1,0.51548967,true
183800781,bf,btceur,1517542966000,7279.3,0.08451033,true
183800840,bf,btceur,1517542975000,7272,0.17721,true
183800877,bf,btceur,1517542979000,7295.9,0.27143312,false
183800875,bf,btceur,1517542979000,7291,0.2,false
183800895,bf,btceur,1517542981000,7278.355744,0.044165,false
183801070,bf,btceur,1517543012000,7269,0.00113599,false
183801097,bf,btceur,1517543015000,7268,0.01004846,false
183801246,bf,btceur,1517543030000,7264,0.00782829,true
183801270,bf,btceur,1517543031000,7264,0.08407781,true
183801259,bf,btceur,1517543031000,7264,0.04783975,true
183801272,bf,btceur,1517543031000,7264,0.06025415,true
183801588,bf,btceur,1517543060000,7259.3247388,0.58647889,true
183801609,bf,btceur,1517543062000,7254,0.2,true
183801611,bf,btceur,1517543062000,7252.5795724,0.3404793,true
183801725,bf,btceur,1517543075000,7245.1920092,0.05091744,true
183801741,bf,btceur,1517543076000,7244,0.03428256,true
183801731,bf,btceur,1517543076000,7244,0.06571744,true
183801736,bf,btceur,1517543076000,7244,0.1,true
183801767,bf,btceur,1517543079000,7239.9,0.1,true
183801781,bf,btceur,1517543079000,7240,0.12731229,true
183801850,bf,btceur,1517543087000,7239.8922356,0.33170381,true
183801840,bf,btceur,1517543087000,7242.4618228,0.159,true
183801848,bf,btceur,1517543087000,7242.3815232,0.01,true
183801842,bf,btceur,1517543087000,7242.3815232,0.11,true
183801844,bf,btceur,1517543087000,7242.3815232,0.01,true
183801846,bf,btceur,1517543087000,7242.3815232,0.01,true
183802174,bf,btceur,1517543120000,7233.387968,0.00425333,true
183802199,bf,btceur,1517543121000,7233.387968,0.06075505,true
183802210,bf,btceur,1517543121000,7233.387968,0.00243054,true
183802201,bf,btceur,1517543121000,7233.387968,0.033936,true
183802478,bf,btceur,1517543146000,7236.6802516,0.02,true
183802476,bf,btceur,1517543146000,7237.7241464,0.93318079,true
183802480,bf,btceur,1517543146000,7236.599952,2.97286102,true
183802640,bf,btceur,1517543168000,7234.0303648,0.13110696,true
183802756,bf,btceur,1517543188000,7204,0.2,true
183802819,bf,btceur,1517543191000,7195.8,0.13110696,true
183802881,bf,btceur,1517543194000,7205.1,0.25643366,false
183802907,bf,btceur,1517543195000,7188.1,0.1065,true
183802933,bf,btceur,1517543195000,7188.1,0.14993366,true
183802904,bf,btceur,1517543195000,7194,0.3,true
183802982,bf,btceur,1517543199000,7188,0.3,true
183803083,bf,btceur,1517543203000,7158.93637453,0.6,false
183803148,bf,btceur,1517543204000,7144.39257481,0.6,true
183803372,bf,btceur,1517543220000,7144.75146,0.01790138,false
183803495,bf,btceur,1517543231000,7141.3118685,0.424,false
183803499,bf,btceur,1517543231000,7143.951555,0.03864,false
183803497,bf,btceur,1517543231000,7141.55184,0.14665,false
183803505,bf,btceur,1517543231000,7147.151175,5.88771,false
183803501,bf,btceur,1517543231000,7145.4713745,0.5,false
183803503,bf,btceur,1517543231000,7145.4713745,0.003,false
183803670,bf,btceur,1517543247000,7147.0711845,0.01728875,false
183803668,bf,btceur,1517543247000,7147.0711845,0.38,false
183803666,bf,btceur,1517543247000,7146.35127,0.2,false
183803672,bf,btceur,1517543247000,7147.151175,6.40271125,false
183803754,bf,btceur,1517543252000,7137,0.3,true
183803806,bf,btceur,1517543259000,7139.95203,0.12905,false
183803810,bf,btceur,1517543259000,7144.6714695,0.5,false
183803812,bf,btceur,1517543259000,7144.8314505,0.6,false
183803816,bf,btceur,1517543259000,7148.431023,0.00336323,false
183803804,bf,btceur,1517543259000,7137.552315,0.03210509,false
183803802,bf,btceur,1517543259000,7135.952505,0.59303163,false
183803820,bf,btceur,1517543259000,7151.0707095,0.24812418,false
183803814,bf,btceur,1517543259000,7146.2712795,0.172,false
183803818,bf,btceur,1517543259000,7150.2708045,0.00335871,false
183803808,bf,btceur,1517543259000,7141.071897,0.328,false
183804023,bf,btceur,1517543272000,7124,0.3,true
183804019,bf,btceur,1517543272000,7128,0.3,true
183804246,bf,btceur,1517543311000,7153.1,0.05503,false
183804244,bf,btceur,1517543311000,7153.1,0.02563209,false
183804275,bf,btceur,1517543311000,7153.1,0.01933791,false
183804492,bf,btceur,1517543322000,7159.7,0.1,false
183804564,bf,btceur,1517543329000,7155.95013,0.00696384,true
183804562,bf,btceur,1517543329000,7159.3897215,0.02,true
183804568,bf,btceur,1517543329000,7154.990244,0.015,true
183804558,bf,btceur,1517543329000,7160.1896265,1,true
183804573,bf,btceur,1517543329000,7153.6,0.6606,false
183804572,bf,btceur,1517543329000,7154.35032,0.02310234,true
183804560,bf,btceur,1517543329000,7159.469712,0.6606,true
183804570,bf,btceur,1517543329000,7154.990244,0.018,true
183804576,bf,btceur,1517543329000,7153.6,0.06655084,false
183804566,bf,btceur,1517543329000,7155.2302155,0.5,true
183804578,bf,btceur,1517543329000,7153.6,0.01534493,false
183804619,bf,btceur,1517543331000,7171,0.3,false
183804610,bf,btceur,1517543331000,7169.1,0.03602238,false
183804649,bf,btceur,1517543333000,7170.8,0.08972348,false
183804660,bf,btceur,1517543335000,7171.5,0.47425414,false
183804671,bf,btceur,1517543335000,7155.5,0.595039,true
183804777,bf,btceur,1517543350000,7159,0.3,true
183804849,bf,btceur,1517543358000,7157.5,0.1,true
183804911,bf,btceur,1517543363000,7153.9,0.1,true
183805551,bf,btceur,1517543438000,7156.6,0.06646378,false
183805662,bf,btceur,1517543445000,7139.3,0.07142478,true
183805711,bf,btceur,1517543452000,7143,0.17845153,false
183805894,bf,btceur,1517543480000,7145,0.9999697,false
183805881,bf,btceur,1517543480000,7145,0.02456,false
183805896,bf,btceur,1517543480000,7145,0.3335303,false
183805884,bf,btceur,1517543480000,7145,0.0283703,false
183805898,bf,btceur,1517543480000,7145,0.056,false
183805888,bf,btceur,1517543480000,7145,0.6303,false
