,id,price,amount,sell,date,time,hours,minutes,seconds
0,183601815,7349.6,0.004568,False,2018-02-02,02:00:08,02,08,00
1,183601825,7354.68045,0.01,True,2018-02-02,02:00:09,02,09,00
2,183601823,7354.68045,0.004568,True,2018-02-02,02:00:09,02,09,00
3,183601833,7354.6,0.10239467,False,2018-02-02,02:00:10,02,10,00
4,183601904,7343.4075,0.08657999999999999,False,2018-02-02,02:00:26,02,26,00
5,183601906,7343.80725,0.20492,False,2018-02-02,02:00:26,02,26,00
6,183602055,7356.0,0.3,False,2018-02-02,02:00:38,02,38,00
7,183602057,7357.9,0.08800745,False,2018-02-02,02:00:38,02,38,00
8,183602052,7355.8,0.1,False,2018-02-02,02:00:38,02,38,00
9,183602064,7343.16765,0.08800745,False,2018-02-02,02:00:39,02,39,00
10,183602333,7352.28195,0.002,True,2018-02-02,02:01:15,02,15,01
11,183602610,7351.32020012,0.3,True,2018-02-02,02:01:55,02,55,01
12,183602612,7351.32020012,0.3,True,2018-02-02,02:01:55,02,55,01
13,183602618,7348.32170106,0.3,True,2018-02-02,02:01:55,02,55,01
14,183602629,7339.32620388,0.3,True,2018-02-02,02:01:55,02,55,01
15,183602624,7344.32370231,0.3,True,2018-02-02,02:01:55,02,55,01
16,183602627,7339.82595372,0.1,True,2018-02-02,02:01:55,02,55,01
17,183602676,7338.854490000002,0.0048853,True,2018-02-02,02:02:00,02,00,02
18,183602733,7338.9344,0.07,False,2018-02-02,02:02:07,02,07,02
19,183602739,7340.37278,0.20257907,False,2018-02-02,02:02:07,02,07,02
20,183602735,7339.653590000001,0.4,False,2018-02-02,02:02:07,02,07,02
21,183602731,7338.9344,0.02128686,False,2018-02-02,02:02:07,02,07,02
22,183602737,7339.653590000001,0.6,False,2018-02-02,02:02:07,02,07,02
23,183602772,7361.9,0.59991199,False,2018-02-02,02:02:11,02,11,02
24,183602835,7339.9,0.17195274,True,2018-02-02,02:02:19,02,19,02
25,183602844,7339.9,0.42,True,2018-02-02,02:02:21,02,21,02
26,183602895,7339.89332,0.24144869,False,2018-02-02,02:02:36,02,36,02
27,183603483,7334.7,1.0,True,2018-02-02,02:04:31,02,31,04
28,183604043,7311.765,0.59195274,True,2018-02-02,02:05:02,02,02,05
29,183604261,7300.0,0.01,True,2018-02-02,02:05:15,02,15,05
30,183604272,7297.7,0.1,True,2018-02-02,02:05:16,02,16,05
31,183604431,7296.5821,0.01519059,False,2018-02-02,02:05:24,02,24,05
32,183604435,7292.1,0.5,True,2018-02-02,02:05:24,02,24,05
33,183606831,7271.81,0.01283274,True,2018-02-02,02:07:10,02,10,07
34,183607192,7271.81,0.6,True,2018-02-02,02:07:36,02,36,07
35,183607716,7251.9,0.01,True,2018-02-02,02:08:05,02,05,08
36,183607743,7251.9,0.0107854,True,2018-02-02,02:08:05,02,05,08
37,183607860,7251.5,0.13526315,True,2018-02-02,02:08:10,02,10,08
38,183607846,7251.4,0.28830171,True,2018-02-02,02:08:10,02,10,08
39,183607841,7251.4,0.07630981,True,2018-02-02,02:08:10,02,10,08
40,183607843,7251.4,0.07933993,True,2018-02-02,02:08:10,02,10,08
41,183608191,7249.0,0.4,False,2018-02-02,02:08:41,02,41,08
42,183608405,7268.5,0.1,False,2018-02-02,02:08:48,02,48,08
43,183608407,7269.0,0.3,False,2018-02-02,02:08:49,02,49,08
44,183608734,7279.8,0.1,False,2018-02-02,02:09:01,02,01,09
45,183608736,7280.0,0.29626701,False,2018-02-02,02:09:01,02,01,09
46,183608846,7290.0,0.6,False,2018-02-02,02:09:04,02,04,09
47,183608902,7287.791999999998,0.06004,True,2018-02-02,02:09:06,02,06,09
48,183608985,7295.0,0.3,False,2018-02-02,02:09:09,02,09,09
49,183608994,7298.0,0.3,False,2018-02-02,02:09:09,02,09,09
50,183610102,7251.2,0.6,True,2018-02-02,02:10:11,02,11,10
51,183610141,7250.2343,0.00200401,False,2018-02-02,02:10:22,02,22,10
52,183610415,7238.0,0.1,True,2018-02-02,02:10:28,02,28,10
53,183610413,7238.0,0.1281655,True,2018-02-02,02:10:28,02,28,10
54,183610538,7242.0,0.01,True,2018-02-02,02:10:34,02,34,10
55,183610911,7238.0,0.07183450000000001,True,2018-02-02,02:10:50,02,50,10
56,183611021,7237.0,0.09051803,True,2018-02-02,02:10:55,02,55,10
57,183611023,7237.0,0.01001,True,2018-02-02,02:10:55,02,55,10
58,183611319,7241.2,0.9,True,2018-02-02,02:11:17,02,17,11
59,183611292,7241.2,0.1,True,2018-02-02,02:11:17,02,17,11
60,183611721,7249.0,0.15451822,True,2018-02-02,02:11:31,02,31,11
61,183611717,7253.0,0.4,True,2018-02-02,02:11:31,02,31,11
62,183611792,7249.0,0.04048092,True,2018-02-02,02:11:34,02,34,11
63,183611802,7249.0,0.06387040000000001,True,2018-02-02,02:11:35,02,35,11
64,183611799,7249.0,0.04113046,True,2018-02-02,02:11:35,02,35,11
65,183612006,7253.0,0.01369416,True,2018-02-02,02:11:45,02,45,11
66,183612011,7253.0,0.05421,True,2018-02-02,02:11:46,02,46,11
67,183612033,7253.0,0.33209584,True,2018-02-02,02:11:48,02,48,11
68,183612050,7249.0,0.29710802,True,2018-02-02,02:11:50,02,50,11
69,183612056,7249.0,0.01006978,True,2018-02-02,02:11:50,02,50,11
70,183612061,7249.0,0.00416407,True,2018-02-02,02:11:51,02,51,11
71,183612101,7249.0,0.03914774,True,2018-02-02,02:11:52,02,52,11
72,183612271,7248.0,0.4,True,2018-02-02,02:12:15,02,15,12
73,183612509,7244.40087,1.0,False,2018-02-02,02:12:26,02,26,12
74,183612563,7243.12231,0.01084665,False,2018-02-02,02:12:33,02,33,12
75,183612559,7242.40312,0.2,False,2018-02-02,02:12:33,02,33,12
76,183612557,7242.2433,0.08824,False,2018-02-02,02:12:33,02,33,12
77,183612549,7241.923659999998,0.4,False,2018-02-02,02:12:33,02,33,12
78,183612555,7242.2433,0.2,False,2018-02-02,02:12:33,02,33,12
79,183612561,7242.962490000001,0.004,False,2018-02-02,02:12:33,02,33,12
80,183612551,7242.163390000002,0.03,False,2018-02-02,02:12:33,02,33,12
81,183612553,7242.2433,0.06691335,False,2018-02-02,02:12:33,02,33,12
82,183612591,7243.12231,0.58915335,False,2018-02-02,02:12:35,02,35,12
83,183612583,7241.4442,0.14815,False,2018-02-02,02:12:35,02,35,12
84,183612589,7242.2433,0.2,False,2018-02-02,02:12:35,02,35,12
85,183612593,7244.80042,0.4,False,2018-02-02,02:12:35,02,35,12
86,183612587,7242.2433,0.08824,False,2018-02-02,02:12:35,02,35,12
87,183612585,7241.923659999998,0.6,False,2018-02-02,02:12:35,02,35,12
88,183612595,7245.4397,0.04403532,False,2018-02-02,02:12:35,02,35,12
89,183613454,7240.0,0.36534825,False,2018-02-02,02:13:48,02,48,13
90,183614116,7231.855,0.01361965,True,2018-02-02,02:14:32,02,32,14
91,183614627,7212.0,0.3,True,2018-02-02,02:15:10,02,10,15
92,183614620,7215.8,1.0,True,2018-02-02,02:15:10,02,10,15
93,183614759,7211.9,0.08434,True,2018-02-02,02:15:13,02,13,15
94,183614754,7211.8775,0.08702197,False,2018-02-02,02:15:13,02,13,15
95,183615212,7206.92308,1.0,False,2018-02-02,02:15:34,02,34,15
96,183615469,7211.957409999999,0.06928511,False,2018-02-02,02:15:45,02,45,15
97,183615710,7210.2,0.51974505,True,2018-02-02,02:16:04,02,04,16
98,183615793,7210.2,0.01012661,True,2018-02-02,02:16:07,02,07,16
99,183616007,7224.0,0.1,False,2018-02-02,02:16:19,02,19,16
100,183616058,7204.0,0.3,True,2018-02-02,02:16:20,02,20,16
101,183616399,7219.8685,0.08216419999999999,True,2018-02-02,02:16:49,02,49,16
102,183616666,7228.0,0.4,False,2018-02-02,02:17:09,02,09,17
103,183616662,7227.5,0.58638035,False,2018-02-02,02:17:09,02,09,17
104,183616738,7232.0,0.4,False,2018-02-02,02:17:11,02,11,17
105,183616857,7236.0,0.4,False,2018-02-02,02:17:15,02,15,17
106,183618058,7245.6,0.56680533,True,2018-02-02,02:18:08,02,08,18
107,183618057,7245.5995200000025,0.03319467,False,2018-02-02,02:18:08,02,08,18
108,183618071,7232.0,0.4,True,2018-02-02,02:18:08,02,08,18
109,183618313,7239.846,0.01259,False,2018-02-02,02:18:17,02,17,18
110,183618420,7232.0,0.3,True,2018-02-02,02:18:29,02,29,18
111,183618453,7229.9,0.1,True,2018-02-02,02:18:31,02,31,18
112,183618485,7229.0,0.1,True,2018-02-02,02:18:33,02,33,18
113,183618514,7229.0,0.041589,True,2018-02-02,02:18:34,02,34,18
114,183618539,7229.0,0.13416633,True,2018-02-02,02:18:35,02,35,18
115,183618535,7229.0,0.02424467,True,2018-02-02,02:18:35,02,35,18
116,183618550,7225.0,0.197,True,2018-02-02,02:18:36,02,36,18
117,183618558,7225.0,0.06799241,True,2018-02-02,02:18:37,02,37,18
118,183618587,7225.0,0.13500759,True,2018-02-02,02:18:38,02,38,18
119,183619636,7226.0,0.14225517,True,2018-02-02,02:20:08,02,08,20
120,183619675,7226.0,0.25774483,True,2018-02-02,02:20:10,02,10,20
121,183619697,7223.9,0.64708864,True,2018-02-02,02:20:11,02,11,20
122,183619694,7223.9,0.23644981,True,2018-02-02,02:20:11,02,11,20
123,183619719,7223.9,0.11646155,True,2018-02-02,02:20:12,02,12,20
124,183620023,7222.5,0.1,True,2018-02-02,02:20:39,02,39,20
125,183620121,7232.0,0.4,False,2018-02-02,02:20:45,02,45,20
126,183620111,7230.2,0.59996681,False,2018-02-02,02:20:45,02,45,20
127,183620139,7217.1,0.09,True,2018-02-02,02:20:46,02,46,20
128,183620178,7217.1,0.51,True,2018-02-02,02:20:50,02,50,20
129,183620578,7210.0,0.1,True,2018-02-02,02:21:21,02,21,21
130,183621691,7241.0,0.02,True,2018-02-02,02:23:03,02,03,23
131,183621698,7241.0,0.04002,True,2018-02-02,02:23:03,02,03,23
132,183621705,7241.0,0.19998,True,2018-02-02,02:23:03,02,03,23
133,183621741,7236.9,0.7,True,2018-02-02,02:23:06,02,06,23
134,183622045,7222.1,0.33392972,True,2018-02-02,02:23:34,02,34,23
135,183623167,7203.966409999999,1.0,False,2018-02-02,02:25:09,02,09,25
136,183623343,7202.2883,0.01824981,False,2018-02-02,02:25:13,02,13,25
137,183623466,7200.0,0.01,True,2018-02-02,02:25:18,02,18,25
138,183623811,7196.374959999999,0.0098,False,2018-02-02,02:25:30,02,30,25
139,183623809,7196.374959999999,0.004,False,2018-02-02,02:25:30,02,30,25
140,183624264,7192.5,0.51253951,False,2018-02-02,02:25:41,02,41,25
141,183624382,7175.0,0.1,True,2018-02-02,02:25:52,02,52,25
142,183624330,7179.593859999999,0.0089,True,2018-02-02,02:25:52,02,52,25
143,183625672,7152.58428,0.00801603,False,2018-02-02,02:26:26,02,26,26
144,183625718,7152.66419,0.002,False,2018-02-02,02:26:27,02,27,26
145,183625764,7150.0,0.05,True,2018-02-02,02:26:28,02,28,26
146,183625772,7146.7,1.145,True,2018-02-02,02:26:28,02,28,26
147,183626049,7144.9,0.005338,True,2018-02-02,02:26:43,02,43,26
148,183626051,7144.9,0.37,True,2018-02-02,02:26:43,02,43,26
149,183626053,7144.9,0.13720151,True,2018-02-02,02:26:43,02,43,26
150,183626716,7147.0,0.4,False,2018-02-02,02:27:16,02,16,27
151,183626712,7146.0,0.4,False,2018-02-02,02:27:16,02,16,27
152,183626731,7158.1,0.6,False,2018-02-02,02:27:16,02,16,27
153,183626724,7155.0,0.4,False,2018-02-02,02:27:16,02,16,27
154,183626718,7150.0,0.3,False,2018-02-02,02:27:16,02,16,27
155,183626729,7158.0,0.3,False,2018-02-02,02:27:16,02,16,27
156,183626819,7145.7,0.29168438,True,2018-02-02,02:27:18,02,18,27
157,183626822,7145.7,0.17673599999999998,True,2018-02-02,02:27:18,02,18,27
158,183626933,7148.7486,0.6,True,2018-02-02,02:27:22,02,22,27
159,183626937,7145.5522,1.0,True,2018-02-02,02:27:22,02,22,27
160,183626935,7145.5522,0.6,True,2018-02-02,02:27:22,02,22,27
161,183626923,7156.020409999999,1.9922,True,2018-02-02,02:27:22,02,22,27
162,183626951,7156.020409999999,0.03626376,True,2018-02-02,02:27:22,02,22,27
163,183626941,7144.7531,11.53420353,True,2018-02-02,02:27:22,02,22,27
164,183626927,7149.7874299999985,0.004,True,2018-02-02,02:27:22,02,22,27
165,183626929,7149.62761,0.5,True,2018-02-02,02:27:22,02,22,27
166,183626925,7155.9405,0.3,True,2018-02-02,02:27:22,02,22,27
167,183626931,7149.5477,0.6,True,2018-02-02,02:27:22,02,22,27
168,183626939,7144.8330099999985,1.022242,True,2018-02-02,02:27:22,02,22,27
169,183626953,7156.020409999999,0.03924754,True,2018-02-02,02:27:22,02,22,27
170,183626965,7145.6,0.5725,False,2018-02-02,02:27:23,02,23,27
171,183626954,7150.0,0.13157962,True,2018-02-02,02:27:23,02,23,27
172,183626962,7144.8330099999985,0.36540908,True,2018-02-02,02:27:23,02,23,27
173,183627061,7158.0,0.3,False,2018-02-02,02:27:35,02,35,27
174,183627102,7157.61861,0.01999,True,2018-02-02,02:27:35,02,35,27
175,183627095,7163.0,0.4,False,2018-02-02,02:27:35,02,35,27
176,183627059,7154.0,0.3,False,2018-02-02,02:27:35,02,35,27
177,183627180,7167.0,0.23236534,False,2018-02-02,02:27:36,02,36,27
178,183627315,7171.0,0.3,False,2018-02-02,02:27:39,02,39,27
179,183627312,7167.0,0.16763466,False,2018-02-02,02:27:39,02,39,27
180,183627477,7177.3,0.6,False,2018-02-02,02:27:41,02,41,27
181,183627863,7182.7,0.6,True,2018-02-02,02:27:49,02,49,27
182,183628227,7204.0,0.3,False,2018-02-02,02:27:59,02,59,27
183,183628233,7208.0,0.3,False,2018-02-02,02:27:59,02,59,27
184,183628219,7200.0,0.3,False,2018-02-02,02:27:59,02,59,27
185,183628239,7210.0,0.6,False,2018-02-02,02:27:59,02,59,27
186,183628284,7194.4,0.0323,True,2018-02-02,02:28:01,02,01,28
187,183628458,7213.0,0.3,False,2018-02-02,02:28:06,02,06,28
188,183628463,7217.0,0.3,False,2018-02-02,02:28:06,02,06,28
189,183628730,7204.0,0.02021283,True,2018-02-02,02:28:23,02,23,28
190,183628713,7204.0,0.1,True,2018-02-02,02:28:23,02,23,28
191,183628874,7206.5,0.04651839,True,2018-02-02,02:28:26,02,26,28
192,183628870,7206.5,0.39848755,True,2018-02-02,02:28:26,02,26,28
193,183629296,7215.0,0.3,True,2018-02-02,02:28:44,02,44,28
194,183629370,7223.0,0.59751877,False,2018-02-02,02:28:47,02,47,28
195,183629408,7217.8,0.1,True,2018-02-02,02:28:49,02,49,28
196,183629589,7251.0,0.3,False,2018-02-02,02:28:54,02,54,28
197,183629578,7242.0,0.2,False,2018-02-02,02:28:54,02,54,28
198,183629583,7246.0,0.3,False,2018-02-02,02:28:54,02,54,28
199,183629652,7215.873,0.5,False,2018-02-02,02:28:57,02,57,28
200,183629896,7220.0,0.1,True,2018-02-02,02:29:17,02,17,29
201,183629860,7220.90733,0.297,False,2018-02-02,02:29:17,02,17,29
202,183629933,7220.0,0.00053964,True,2018-02-02,02:29:17,02,17,29
203,183629959,7220.0,0.06288875,True,2018-02-02,02:29:19,02,19,29
204,183629966,7220.0,0.03657161,True,2018-02-02,02:29:19,02,19,29
205,183630050,7214.0,0.002,True,2018-02-02,02:29:24,02,24,29
206,183630056,7214.0,0.002,True,2018-02-02,02:29:25,02,25,29
207,183630052,7214.0,0.092,True,2018-02-02,02:29:25,02,25,29
208,183630058,7214.0,0.202,True,2018-02-02,02:29:25,02,25,29
209,183630054,7214.0,0.002,True,2018-02-02,02:29:25,02,25,29
210,183630166,7209.0,0.3,True,2018-02-02,02:29:30,02,30,29
211,183630212,7204.0,0.07785427,True,2018-02-02,02:29:31,02,31,29
212,183630216,7204.0,0.02779103,True,2018-02-02,02:29:31,02,31,29
213,183630294,7204.0,0.00192146,True,2018-02-02,02:29:35,02,35,29
214,183630282,7204.0,0.09043324,True,2018-02-02,02:29:35,02,35,29
215,183630289,7204.0,0.002,True,2018-02-02,02:29:35,02,35,29
216,183630311,7200.0,0.3,True,2018-02-02,02:29:36,02,36,29
217,183630315,7195.0,0.1,True,2018-02-02,02:29:36,02,36,29
218,183630318,7194.0,0.3,True,2018-02-02,02:29:36,02,36,29
219,183630541,7188.0,0.2,True,2018-02-02,02:29:44,02,44,29
220,183630533,7188.0,0.1,True,2018-02-02,02:29:44,02,44,29
221,183630602,7182.0,0.16825166,True,2018-02-02,02:29:46,02,46,29
222,183630610,7182.0,0.03174834,True,2018-02-02,02:29:47,02,47,29
223,183630606,7182.0,0.1,True,2018-02-02,02:29:47,02,47,29
224,183630772,7176.0,0.24818539,True,2018-02-02,02:29:50,02,50,29
225,183630742,7176.0,0.05181461,True,2018-02-02,02:29:50,02,50,29
226,183631158,7167.7,0.1,True,2018-02-02,02:30:10,02,10,30
227,183631953,7175.918000000002,0.004,True,2018-02-02,02:30:35,02,35,30
228,183631932,7165.5297,0.0194,True,2018-02-02,02:30:35,02,35,30
229,183631930,7165.5297,0.003,True,2018-02-02,02:30:35,02,35,30
230,183632579,7201.0,0.3,False,2018-02-02,02:31:04,02,04,31
231,183632826,7206.0,0.3,False,2018-02-02,02:31:12,02,12,31
232,183632829,7213.0,0.4,False,2018-02-02,02:31:12,02,12,31
233,183633234,7193.3,0.1,True,2018-02-02,02:31:25,02,25,31
234,183634908,7179.670401800001,0.0146779,True,2018-02-02,02:32:48,02,48,32
235,183636539,7172.4740198,5.05,False,2018-02-02,02:34:07,02,07,34
236,183636543,7172.4740198,0.004,False,2018-02-02,02:34:07,02,07,34
237,183636535,7172.4740198,0.72696465,False,2018-02-02,02:34:07,02,07,34
238,183636531,7172.4740198,0.4,False,2018-02-02,02:34:07,02,07,34
239,183636541,7172.4740198,0.2,False,2018-02-02,02:34:07,02,07,34
240,183636545,7172.4740198,0.00285666,False,2018-02-02,02:34:07,02,07,34
241,183636549,7173.193658,0.07807869,False,2018-02-02,02:34:07,02,07,34
242,183636533,7172.4740198,1.2953,False,2018-02-02,02:34:07,02,07,34
243,183636537,7172.4740198,1.0,False,2018-02-02,02:34:07,02,07,34
244,183636547,7172.4740198,2.49,False,2018-02-02,02:34:07,02,07,34
245,183636809,7170.5549846,2.4023,False,2018-02-02,02:34:20,02,20,34
246,183636807,7170.4750248,0.5,False,2018-02-02,02:34:20,02,20,34
247,183636873,7170.7,2.47,True,2018-02-02,02:34:34,02,34,34
248,183636877,7170.7,0.01117,True,2018-02-02,02:34:34,02,34,34
249,183636875,7170.7,0.01980495,True,2018-02-02,02:34:34,02,34,34
250,183636905,7170.7,0.3,True,2018-02-02,02:34:35,02,35,34
251,183636929,7170.7,0.14675,True,2018-02-02,02:34:36,02,36,34
252,183636926,7170.7,0.00509906,True,2018-02-02,02:34:36,02,36,34
253,183636935,7170.7,0.03543996,True,2018-02-02,02:34:36,02,36,34
254,183636933,7170.7,0.00806715,True,2018-02-02,02:34:36,02,36,34
255,183637065,7183.188633,1.7,False,2018-02-02,02:34:43,02,43,34
256,183637059,7178.8708038,0.01451127,False,2018-02-02,02:34:43,02,43,34
257,183637061,7179.590442000002,0.05855,False,2018-02-02,02:34:43,02,43,34
258,183637069,7184.308070199999,0.0857,False,2018-02-02,02:34:43,02,43,34
259,183637071,7185.027708399999,0.53783873,False,2018-02-02,02:34:43,02,43,34
260,183637067,7183.588432,0.1,False,2018-02-02,02:34:43,02,43,34
261,183637063,7181.189638,0.1179,False,2018-02-02,02:34:43,02,43,34
262,183637181,7184.8,0.5995,False,2018-02-02,02:34:51,02,51,34
263,183637270,7177.991246,0.1298,False,2018-02-02,02:35:01,02,01,35
264,183637272,7177.991246,0.00338976,False,2018-02-02,02:35:01,02,01,35
265,183637274,7177.991246,0.45081024,False,2018-02-02,02:35:01,02,01,35
266,183637268,7177.991246,0.016,False,2018-02-02,02:35:01,02,01,35
267,183637342,7187.0,0.7522300000000001,False,2018-02-02,02:35:09,02,09,35
268,183637475,7177.191648,0.09162,False,2018-02-02,02:35:20,02,20,35
269,183637479,7177.991246,0.13575,False,2018-02-02,02:35:20,02,20,35
270,183637477,7177.991246,0.2,False,2018-02-02,02:35:20,02,20,35
271,183637481,7178.710884199999,1.70823,False,2018-02-02,02:35:20,02,20,35
272,183639485,7150.0,0.19741585,False,2018-02-02,02:37:33,02,33,37
273,183639514,7150.0,0.09258415,False,2018-02-02,02:37:33,02,33,37
274,183639438,7150.0,0.01,False,2018-02-02,02:37:33,02,33,37
275,183639593,7150.0,0.08377989,False,2018-02-02,02:37:35,02,35,37
276,183639581,7150.0,0.31622011,False,2018-02-02,02:37:35,02,35,37
277,183639756,7152.0,0.3,False,2018-02-02,02:37:45,02,45,37
278,183639855,7154.8,1.0,False,2018-02-02,02:37:50,02,50,37
279,183639908,7155.362622600002,0.04115312,True,2018-02-02,02:37:52,02,52,37
280,183639912,7156.0,0.3,False,2018-02-02,02:37:52,02,52,37
281,183639964,7161.0,0.07,False,2018-02-02,02:37:54,02,54,37
282,183639974,7162.0,0.3,False,2018-02-02,02:37:54,02,54,37
283,183639956,7161.0,0.1,False,2018-02-02,02:37:54,02,54,37
284,183639968,7161.0,3.1956,False,2018-02-02,02:37:54,02,54,37
285,183639981,7163.2,0.1,False,2018-02-02,02:37:54,02,54,37
286,183639984,7163.9,1.0,False,2018-02-02,02:37:54,02,54,37
287,183639948,7156.0822608,0.04125604,True,2018-02-02,02:37:54,02,54,37
288,183640004,7150.005316,0.003,True,2018-02-02,02:37:55,02,55,37
289,183640000,7150.005316,2.97226813,True,2018-02-02,02:37:55,02,55,37
290,183639992,7156.8818588,0.4,True,2018-02-02,02:37:55,02,55,37
291,183639990,7156.8818588,0.6,True,2018-02-02,02:37:55,02,55,37
292,183640006,7149.2856778,5.53175439,True,2018-02-02,02:37:55,02,55,37
293,183639994,7156.8818588,0.4,True,2018-02-02,02:37:55,02,55,37
294,183640002,7150.005316,2.0,True,2018-02-02,02:37:55,02,55,37
295,183640010,7149.2856778,3.98704722,True,2018-02-02,02:37:55,02,55,37
296,183639998,7150.0852758,0.5,True,2018-02-02,02:37:55,02,55,37
297,183639996,7156.0822608,0.54683329,True,2018-02-02,02:37:55,02,55,37
298,183640008,7149.2856778,0.004,True,2018-02-02,02:37:55,02,55,37
299,183640121,7159.0,0.04500038,False,2018-02-02,02:37:59,02,59,37
300,183640163,7159.0,2.58829962,False,2018-02-02,02:38:03,02,03,38
301,183640370,7171.0,1.71336691,False,2018-02-02,02:38:14,02,14,38
302,183640413,7175.0,0.1,False,2018-02-02,02:38:17,02,17,38
303,183640419,7177.3,0.15278199,False,2018-02-02,02:38:28,02,28,38
304,183640555,7176.6,0.1,False,2018-02-02,02:38:29,02,29,38
305,183640600,7176.6,0.1,False,2018-02-02,02:38:30,02,30,38
306,183640868,7176.3,0.006147,False,2018-02-02,02:38:46,02,46,38
307,183640930,7180.2,0.44661801,False,2018-02-02,02:38:49,02,49,38
308,183640925,7178.0,0.035427,False,2018-02-02,02:38:49,02,49,38
309,183641276,7192.3,0.2,False,2018-02-02,02:39:11,02,11,39
310,183641291,7197.8,0.5,False,2018-02-02,02:39:11,02,11,39
311,183641269,7188.3,0.1,False,2018-02-02,02:39:11,02,11,39
312,183641394,7186.8,0.054000000000000006,True,2018-02-02,02:39:15,02,15,39
313,183641598,7212.3,0.054000000000000006,False,2018-02-02,02:39:30,02,30,39
314,183641661,7195.0,0.6,True,2018-02-02,02:39:32,02,32,39
315,183641895,7206.0,0.17013471,False,2018-02-02,02:39:43,02,43,39
316,183642223,7206.0,0.01957958,True,2018-02-02,02:40:06,02,06,40
317,183642221,7206.0,0.1,True,2018-02-02,02:40:06,02,06,40
318,183642242,7206.0,0.08042042,True,2018-02-02,02:40:08,02,08,40
319,183642240,7206.0,0.1,True,2018-02-02,02:40:08,02,08,40
320,183642379,7207.0,0.06,True,2018-02-02,02:40:31,02,31,40
321,183642399,7207.0,0.06,True,2018-02-02,02:40:32,02,32,40
322,183642459,7207.0,0.18,True,2018-02-02,02:40:35,02,35,40
323,183642585,7193.2,0.1,True,2018-02-02,02:40:44,02,44,40
324,183642581,7196.0,0.3,True,2018-02-02,02:40:44,02,44,40
325,183642613,7198.7807939999975,0.277,False,2018-02-02,02:40:45,02,45,40
326,183642607,7198.620874400001,0.5,False,2018-02-02,02:40:45,02,45,40
327,183642609,7198.700834199999,1.4961,False,2018-02-02,02:40:45,02,45,40
328,183642615,7200.4599498,1.2773,False,2018-02-02,02:40:45,02,45,40
329,183642611,7198.700834199999,0.71,False,2018-02-02,02:40:45,02,45,40
330,183642605,7197.981196,1.0,False,2018-02-02,02:40:45,02,45,40
331,183642873,7173.5,0.12127116,True,2018-02-02,02:40:55,02,55,40
332,183642841,7170.0,0.3,True,2018-02-02,02:40:55,02,55,40
333,183642870,7182.1,0.1,True,2018-02-02,02:40:55,02,55,40
334,183642832,7176.0,0.3,True,2018-02-02,02:40:55,02,55,40
335,183642829,7176.7,0.2,True,2018-02-02,02:40:55,02,55,40
336,183642843,7168.8,1.0,True,2018-02-02,02:40:55,02,55,40
337,183642818,7186.5,0.1,True,2018-02-02,02:40:55,02,55,40
338,183642853,7163.0,0.3,True,2018-02-02,02:40:55,02,55,40
339,183642822,7182.0,0.3,True,2018-02-02,02:40:55,02,55,40
340,183642900,7171.4345423999985,0.1,False,2018-02-02,02:40:56,02,56,40
341,183643118,7157.0,0.3,True,2018-02-02,02:41:04,02,04,41
342,183643167,7165.197678,0.016,False,2018-02-02,02:41:06,02,06,41
343,183643165,7164.4780398,0.80991632,False,2018-02-02,02:41:06,02,06,41
344,183643182,7167.0,0.100559,True,2018-02-02,02:41:07,02,07,41
345,183643231,7167.0,0.93188448,True,2018-02-02,02:41:09,02,09,41
346,183643233,7167.0,0.0526,True,2018-02-02,02:41:09,02,09,41
347,183643245,7167.0,0.0736488,True,2018-02-02,02:41:10,02,10,41
348,183643243,7167.0,0.01605935,True,2018-02-02,02:41:10,02,10,41
349,183643247,7167.0,1.31479846,True,2018-02-02,02:41:10,02,10,41
350,183643237,7167.0,0.03380027,True,2018-02-02,02:41:10,02,10,41
351,183645255,7156.482059800002,0.01456,False,2018-02-02,02:43:43,02,43,43
352,183645353,7173.2,0.6,False,2018-02-02,02:43:53,02,53,43
353,183645356,7174.0,0.3,False,2018-02-02,02:43:53,02,53,43
354,183645350,7169.5,0.1,False,2018-02-02,02:43:53,02,53,43
355,183645465,7162.9,0.16026672,True,2018-02-02,02:44:01,02,01,44
356,183645464,7162.7988840000025,0.0413,False,2018-02-02,02:44:01,02,01,44
357,183645535,7165.277637800001,0.39847458,False,2018-02-02,02:44:15,02,15,44
358,183645648,7177.191648,0.6,True,2018-02-02,02:44:27,02,27,44
359,183645659,7177.0,0.27,False,2018-02-02,02:44:29,02,29,44
360,183646737,7149.2856778,0.0247,False,2018-02-02,02:46:40,02,40,46
361,183647032,7149.205718000001,0.59960153,True,2018-02-02,02:46:59,02,59,46
362,183647338,7149.205718000001,0.6,True,2018-02-02,02:47:15,02,15,47
363,183647561,7149.205718000001,0.6,True,2018-02-02,02:47:20,02,20,47
364,183647661,7149.205718000001,0.5604,True,2018-02-02,02:47:26,02,26,47
365,183647757,7149.205718000001,0.4,True,2018-02-02,02:47:31,02,31,47
366,183647893,7149.205718000001,0.3751,True,2018-02-02,02:47:39,02,39,47
367,183647913,7149.205718000001,0.05,True,2018-02-02,02:47:40,02,40,47
368,183648032,7149.205718000001,0.4,True,2018-02-02,02:47:46,02,46,47
369,183648135,7150.0,0.04323666,False,2018-02-02,02:47:52,02,52,47
370,183648133,7150.0,0.35676334,False,2018-02-02,02:47:52,02,52,47
371,183648161,7149.2856778,0.01821032,False,2018-02-02,02:47:53,02,53,47
372,183648163,7149.2856778,0.58178968,False,2018-02-02,02:47:53,02,53,47
373,183648189,7149.205718000001,0.01022188,True,2018-02-02,02:47:54,02,54,47
374,183648532,7164.1,0.1,False,2018-02-02,02:48:19,02,19,48
375,183648535,7165.0,1.26861,False,2018-02-02,02:48:19,02,19,48
376,183648609,7165.0,0.30378,False,2018-02-02,02:48:22,02,22,48
377,183648655,7165.0,1.90511,False,2018-02-02,02:48:24,02,24,48
378,183649133,7181.0,0.1,False,2018-02-02,02:48:47,02,47,48
379,183649190,7181.0,0.69975452,False,2018-02-02,02:48:51,02,51,48
380,183649245,7181.0,0.19584567,False,2018-02-02,02:48:53,02,53,48
381,183649623,7164.0,0.05,True,2018-02-02,02:49:17,02,17,49
382,183649621,7164.0,0.002,True,2018-02-02,02:49:17,02,17,49
383,183649645,7164.0,0.024801,True,2018-02-02,02:49:18,02,18,49
384,183649657,7164.0,0.14324669,True,2018-02-02,02:49:18,02,18,49
385,183649655,7164.0,0.002,True,2018-02-02,02:49:18,02,18,49
386,183649659,7164.0,0.05981221,True,2018-02-02,02:49:18,02,18,49
387,183649642,7164.0,0.002,True,2018-02-02,02:49:18,02,18,49
388,183649653,7164.0,0.0161401,True,2018-02-02,02:49:18,02,18,49
389,183650626,7161.0,0.21417326,False,2018-02-02,02:50:26,02,26,50
390,183651088,7155.0,0.3,True,2018-02-02,02:51:05,02,05,51
391,183651086,7155.0,0.2,True,2018-02-02,02:51:05,02,05,51
392,183651195,7150.804914,0.05741,False,2018-02-02,02:51:16,02,16,51
393,183651199,7150.964833600001,0.04246556,False,2018-02-02,02:51:16,02,16,51
394,183651197,7150.884873800002,0.03,False,2018-02-02,02:51:16,02,16,51
395,183652646,7149.205718000001,0.33,True,2018-02-02,02:52:44,02,44,52
396,183653048,7149.205718000001,7.0,True,2018-02-02,02:53:07,02,07,53
397,183653266,7149.205718000001,7.0,True,2018-02-02,02:53:20,02,20,53
398,183653469,7149.2856778,0.63369,False,2018-02-02,02:53:27,02,27,53
399,183653471,7149.2856778,1.36631,False,2018-02-02,02:53:27,02,27,53
400,183653707,7142.1,0.1,True,2018-02-02,02:53:41,02,41,53
401,183653846,7140.5700596,0.07,False,2018-02-02,02:53:44,02,44,53
402,183654595,7134.013356,0.5994,True,2018-02-02,02:54:08,02,08,54
403,183654620,7133.8,0.2,True,2018-02-02,02:54:09,02,09,54
404,183654622,7133.3,0.2,True,2018-02-02,02:54:09,02,09,54
405,183654885,7118.3,0.02513932,True,2018-02-02,02:54:13,02,13,54
406,183654873,7120.420190000003,0.025,True,2018-02-02,02:54:13,02,13,54
407,183654879,7119.620592,1.36095758,True,2018-02-02,02:54:13,02,13,54
408,183654871,7120.420190000003,0.01,True,2018-02-02,02:54:13,02,13,54
409,183654922,7124.1783006,0.0117,False,2018-02-02,02:54:13,02,13,54
410,183654926,7123.618581999999,0.0203,False,2018-02-02,02:54:13,02,13,54
411,183654867,7121.3797076,0.79308089,True,2018-02-02,02:54:13,02,13,54
412,183654875,7120.020391,0.00696153,True,2018-02-02,02:54:13,02,13,54
413,183654869,7121.2197879999985,0.01,True,2018-02-02,02:54:13,02,13,54
414,183654877,7119.7805116,0.004,True,2018-02-02,02:54:13,02,13,54
415,183654972,7117.4,0.15824642,True,2018-02-02,02:54:14,02,14,54
416,183654964,7117.4,0.2,True,2018-02-02,02:54:14,02,14,54
417,183654966,7117.4,0.1,True,2018-02-02,02:54:14,02,14,54
418,183655905,7116.4222,0.05,True,2018-02-02,02:54:34,02,34,54
419,183656276,7116.4222,1.0,True,2018-02-02,02:54:50,02,50,54
420,183656443,7116.4222,0.05,True,2018-02-02,02:54:55,02,55,54
421,183656568,7116.4222,1.0,True,2018-02-02,02:55:01,02,01,55
422,183656744,7116.4222,1.0,True,2018-02-02,02:55:05,02,05,55
423,183656862,7116.5,0.6,False,2018-02-02,02:55:09,02,09,55
424,183656913,7116.5,0.01064098,False,2018-02-02,02:55:10,02,10,55
425,183656900,7116.5,0.04058437,False,2018-02-02,02:55:10,02,10,55
426,183656898,7116.5,0.00334979,False,2018-02-02,02:55:10,02,10,55
427,183656925,7116.5,0.34542486,False,2018-02-02,02:55:11,02,11,55
428,183657104,7116.4222,0.05,True,2018-02-02,02:55:17,02,17,55
429,183657212,7116.4222,2.19620002,True,2018-02-02,02:55:20,02,20,55
430,183657509,7118.0,0.1173343,False,2018-02-02,02:55:41,02,41,55
431,183657532,7122.0,1.0,False,2018-02-02,02:55:41,02,41,55
432,183657505,7118.0,0.1826657,False,2018-02-02,02:55:41,02,41,55
433,183657536,7124.0,0.3,False,2018-02-02,02:55:41,02,41,55
434,183657601,7129.0,0.3,False,2018-02-02,02:55:42,02,42,55
435,183657681,7148.0,0.3,False,2018-02-02,02:55:42,02,42,55
436,183657619,7135.0,0.3,False,2018-02-02,02:55:42,02,42,55
437,183657642,7142.0,0.3,False,2018-02-02,02:55:42,02,42,55
438,183657673,7142.5,0.1,False,2018-02-02,02:55:42,02,42,55
439,183657677,7147.4,1.0,False,2018-02-02,02:55:42,02,42,55
440,183657693,7133.4,0.45824642,False,2018-02-02,02:55:42,02,42,55
441,183657927,7147.0,0.0419,True,2018-02-02,02:55:46,02,46,55
442,183658078,7141.2896978,0.6,False,2018-02-02,02:55:50,02,50,55
443,183658877,7164.0,0.2,False,2018-02-02,02:56:35,02,35,56
444,183658905,7153.203708,0.05,True,2018-02-02,02:56:36,02,36,56
445,183658916,7163.7,0.02374617,False,2018-02-02,02:56:36,02,36,56
446,183658960,7163.7,0.06138438,False,2018-02-02,02:56:37,02,37,56
447,183659248,7165.437557400001,0.05,True,2018-02-02,02:56:48,02,48,56
448,183659675,7156.4021,0.51426945,True,2018-02-02,02:57:08,02,08,57
449,183660122,7121.6,0.1,True,2018-02-02,02:57:36,02,36,57
450,183660245,7116.6,0.1,True,2018-02-02,02:57:43,02,43,57
451,183660582,7119.4,0.18325978,True,2018-02-02,02:58:01,02,01,58
452,183660702,7119.3007528,1.0,False,2018-02-02,02:58:09,02,09,58
453,183660761,7117.221798000001,0.02,False,2018-02-02,02:58:11,02,11,58
454,183660806,7119.220793,1.0,False,2018-02-02,02:58:12,02,12,58
455,183660853,7119.3,0.1,True,2018-02-02,02:58:24,02,24,58
456,183660887,7119.3,0.17899856,True,2018-02-02,02:58:24,02,24,58
457,183660855,7119.3,0.01776166,True,2018-02-02,02:58:24,02,24,58
458,183661576,7136.0,0.02333955,False,2018-02-02,02:59:05,02,05,59
459,183661653,7133.0,0.02492762,True,2018-02-02,02:59:10,02,10,59
460,183661661,7133.0,0.002,True,2018-02-02,02:59:10,02,10,59
461,183661663,7133.0,0.02,True,2018-02-02,02:59:11,02,11,59
462,183661670,7133.0,0.002,True,2018-02-02,02:59:11,02,11,59
463,183661676,7133.0,0.002,True,2018-02-02,02:59:12,02,12,59
464,183661685,7133.0,0.002,True,2018-02-02,02:59:12,02,12,59
465,183661688,7133.0,0.107,True,2018-02-02,02:59:12,02,12,59
466,183661690,7133.0,0.04007238,True,2018-02-02,02:59:12,02,12,59
467,183661716,7130.015366,1.3,True,2018-02-02,02:59:14,02,14,59
468,183661895,7121.0,0.3,True,2018-02-02,02:59:32,02,32,59
469,183661988,7120.420190000003,0.38480969,True,2018-02-02,02:59:39,02,39,59
470,183661986,7120.500149799997,0.22,True,2018-02-02,02:59:39,02,39,59
471,183662109,7125.1378182,0.0107,False,2018-02-02,02:59:46,02,46,59
472,183663831,7116.4222,0.00259385,True,2018-02-02,03:01:39,03,39,01
473,183666356,7108.42622,0.040733,True,2018-02-02,03:02:36,03,36,02
474,183666684,7108.42622,0.038749,True,2018-02-02,03:02:46,03,46,02
475,183666705,7108.42622,0.015775,True,2018-02-02,03:02:47,03,47,02
476,183667408,7109.945456199999,0.015775,True,2018-02-02,03:03:18,03,18,03
477,183667405,7109.945456199999,0.13339700000000002,True,2018-02-02,03:03:18,03,18,03
478,183667516,7109.0,0.3,True,2018-02-02,03:03:23,03,23,03
479,183667727,7108.42622,0.60992469,True,2018-02-02,03:03:32,03,32,03
480,183671687,7107.466702399999,0.188141,True,2018-02-02,03:06:30,03,30,06
481,183671719,7107.466702399999,0.5,True,2018-02-02,03:06:32,03,32,06
482,183672035,7107.466702399999,0.0017632,True,2018-02-02,03:06:44,03,44,06
483,183673080,7107.466702399999,0.033327,True,2018-02-02,03:07:42,03,42,07
484,183673121,7107.466702399999,0.007251,True,2018-02-02,03:07:43,03,43,07
485,183674551,7107.466702399999,0.2,True,2018-02-02,03:08:39,03,39,08
486,183674653,7100.0,0.01,True,2018-02-02,03:08:40,03,40,08
487,183674649,7100.0,0.01,True,2018-02-02,03:08:40,03,40,08
488,183674651,7100.0,0.0140636,True,2018-02-02,03:08:40,03,40,08
489,183674885,7088.8,0.0031,True,2018-02-02,03:08:44,03,44,08
490,183674955,7083.8,0.1,True,2018-02-02,03:08:45,03,45,08
491,183674982,7077.0,0.1,True,2018-02-02,03:08:45,03,45,08
492,183674984,7077.0,0.16,True,2018-02-02,03:08:45,03,45,08
493,183674964,7080.0,7.0,True,2018-02-02,03:08:45,03,45,08
494,183674943,7087.0,0.04426451,True,2018-02-02,03:08:45,03,45,08
495,183674978,7077.3,0.2,True,2018-02-02,03:08:45,03,45,08
496,183675079,7087.5,0.1,False,2018-02-02,03:08:47,03,47,08
497,183675178,7078.041495999999,0.06533534,True,2018-02-02,03:08:49,03,49,08
498,183675200,7077.8,0.06027428,False,2018-02-02,03:08:50,03,50,08
499,183675212,7077.8,0.016880000000000003,False,2018-02-02,03:08:50,03,50,08
500,183675682,7077.0,0.3,False,2018-02-02,03:09:09,03,09,09
501,183675660,7076.4423,0.35751038,True,2018-02-02,03:09:09,03,09,09
502,183676673,7095.0,0.2,False,2018-02-02,03:09:49,03,49,09
503,183676834,7101.0,0.2,False,2018-02-02,03:09:52,03,52,09
504,183676838,7106.0,0.2,False,2018-02-02,03:09:52,03,52,09
505,183676842,7107.6,1.73459416,False,2018-02-02,03:09:52,03,52,09
506,183676937,7097.1518882,0.41624732,False,2018-02-02,03:09:53,03,53,09
507,183676939,7097.1518882,0.07920036,False,2018-02-02,03:09:53,03,53,09
508,183676909,7097.0719284,0.002,True,2018-02-02,03:09:53,03,53,09
509,183676941,7097.1518882,0.00571742,False,2018-02-02,03:09:53,03,53,09
510,183676878,7119.0,0.2,False,2018-02-02,03:09:53,03,53,09
511,183676873,7113.0,0.2,False,2018-02-02,03:09:53,03,53,09
512,183676943,7097.1518882,0.00452254,False,2018-02-02,03:09:53,03,53,09
513,183676954,7097.2,0.09431236,True,2018-02-02,03:09:54,03,54,09
514,183677328,7120.0,0.14620299,False,2018-02-02,03:10:10,03,10,10
515,183677347,7120.0,1.0,False,2018-02-02,03:10:10,03,10,10
516,183677323,7120.0,0.01067473,False,2018-02-02,03:10:10,03,10,10
517,183677334,7120.0,0.1,False,2018-02-02,03:10:10,03,10,10
518,183677404,7119.9,0.59949431,False,2018-02-02,03:10:10,03,10,10
519,183677368,7120.0,0.84312228,False,2018-02-02,03:10:10,03,10,10
520,183678117,7123.6,0.6,True,2018-02-02,03:10:20,03,20,10
521,183678069,7133.213758,0.09524279,True,2018-02-02,03:10:20,03,20,10
522,183678135,7132.5740796,0.09526503,True,2018-02-02,03:10:21,03,21,10
523,183678169,7126.0,0.09504498,False,2018-02-02,03:10:22,03,22,10
524,183678402,7145.9,0.6,False,2018-02-02,03:10:28,03,28,10
525,183678922,7177.3,1.52693906,False,2018-02-02,03:10:38,03,38,10
526,183678920,7176.4,1.16,False,2018-02-02,03:10:38,03,38,10
527,183679452,7162.8,0.095947,True,2018-02-02,03:10:52,03,52,10
528,183679739,7180.2,0.095947,False,2018-02-02,03:10:58,03,58,10
529,183680119,7157.0,0.1,True,2018-02-02,03:11:06,03,06,11
530,183680129,7149.6,0.17509209,True,2018-02-02,03:11:06,03,06,11
531,183680115,7164.7,0.6,True,2018-02-02,03:11:06,03,06,11
532,183680282,7152.0,0.2,True,2018-02-02,03:11:09,03,09,11
533,183680582,7145.0,0.06490991,True,2018-02-02,03:11:17,03,17,11
534,183680646,7145.0,0.01443227,True,2018-02-02,03:11:19,03,19,11
535,183680673,7145.0,0.22065782,True,2018-02-02,03:11:20,03,20,11
536,183680719,7140.9,0.76346953,True,2018-02-02,03:11:21,03,21,11
537,183680725,7140.7,0.29238317,True,2018-02-02,03:11:21,03,21,11
538,183680727,7139.0,0.16561683,True,2018-02-02,03:11:21,03,21,11
539,183680721,7140.7,0.28761683,True,2018-02-02,03:11:21,03,21,11
540,183680800,7143.6085319999975,0.1175,False,2018-02-02,03:11:22,03,22,11
541,183680773,7138.8,0.03354308,True,2018-02-02,03:11:22,03,22,11
542,183680802,7145.2876878000025,0.05442645,False,2018-02-02,03:11:22,03,22,11
543,183680768,7138.9,0.08147308,True,2018-02-02,03:11:22,03,22,11
544,183680793,7142.2492154,0.58,False,2018-02-02,03:11:22,03,22,11
545,183680771,7138.9,0.01852692,True,2018-02-02,03:11:22,03,22,11
546,183680766,7139.0,0.03438317,True,2018-02-02,03:11:22,03,22,11
547,183680796,7142.2492154,0.058,False,2018-02-02,03:11:22,03,22,11
548,183680798,7143.5285722,0.5,False,2018-02-02,03:11:22,03,22,11
549,183680919,7145.7,0.1,False,2018-02-02,03:11:26,03,26,11
550,183681126,7126.0,0.2,True,2018-02-02,03:11:39,03,39,11
551,183681432,7141.0,0.5,False,2018-02-02,03:11:45,03,45,11
552,183681558,7147.2,0.1,False,2018-02-02,03:11:50,03,50,11
553,183681565,7155.8,0.2,False,2018-02-02,03:11:50,03,50,11
554,183681586,7162.0,0.2,False,2018-02-02,03:11:51,03,51,11
555,183681589,7162.9,0.5,False,2018-02-02,03:11:51,03,51,11
556,183681599,7174.0,0.2,False,2018-02-02,03:11:51,03,51,11
557,183681631,7156.482059800002,0.1,True,2018-02-02,03:11:51,03,51,11
558,183681593,7168.0,0.2,False,2018-02-02,03:11:51,03,51,11
559,183682331,7156.482059800002,0.52703195,True,2018-02-02,03:12:13,03,13,12
560,183682712,7155.602502,0.02800741,True,2018-02-02,03:12:35,03,35,12
561,183682710,7156.4021,0.01281057,True,2018-02-02,03:12:35,03,35,12
562,183682721,7155.602502,0.01124725,False,2018-02-02,03:12:35,03,35,12
563,183683633,7192.0,0.2,False,2018-02-02,03:13:15,03,15,13
564,183683681,7180.4699998,0.6,False,2018-02-02,03:13:17,03,17,13
565,183683907,7206.0,0.1,False,2018-02-02,03:13:30,03,30,13
566,183683843,7200.0,0.1,False,2018-02-02,03:13:30,03,30,13
567,183683855,7200.0,0.1,False,2018-02-02,03:13:30,03,30,13
568,183683970,7206.0,0.1,False,2018-02-02,03:13:31,03,31,13
569,183684145,7205.1,0.02,False,2018-02-02,03:13:33,03,33,13
570,183684121,7201.979186,0.12382157,True,2018-02-02,03:13:33,03,33,13
571,183684165,7205.7,0.5794,False,2018-02-02,03:13:34,03,34,13
572,183686064,7197.181598,0.06361671,True,2018-02-02,03:14:16,03,16,14
573,183686076,7197.0,0.22531495,False,2018-02-02,03:14:16,03,16,14
574,183687570,7179.2,0.0561,True,2018-02-02,03:15:08,03,08,15
575,183687551,7179.0,0.2,True,2018-02-02,03:15:08,03,08,15
576,183687840,7174.0,0.17604861,True,2018-02-02,03:15:15,03,15,15
577,183687888,7174.0,0.12395139,True,2018-02-02,03:15:17,03,17,15
578,183688791,7177.191648,0.1,False,2018-02-02,03:16:04,03,04,16
579,183688901,7182.788834,0.00488929,False,2018-02-02,03:16:08,03,08,16
580,183689067,7179.0,0.01391697,True,2018-02-02,03:16:18,03,18,16
581,183689096,7179.0,0.10557748,True,2018-02-02,03:16:20,03,20,16
582,183689237,7179.0,0.08050555,True,2018-02-02,03:16:29,03,29,16
583,183689256,7178.0,0.17876523,True,2018-02-02,03:16:30,03,30,16
584,183689305,7178.0,0.12123477,True,2018-02-02,03:16:33,03,33,16
585,183689537,7179.0,0.252995,True,2018-02-02,03:16:49,03,49,16
586,183689622,7174.9,0.290905,True,2018-02-02,03:16:55,03,55,16
587,183690095,7173.0,0.2,True,2018-02-02,03:17:27,03,27,17
588,183690394,7167.0,0.07093785,True,2018-02-02,03:17:45,03,45,17
589,183690431,7167.0,0.02240173,True,2018-02-02,03:17:47,03,47,17
590,183690461,7167.0,0.10666042,True,2018-02-02,03:17:48,03,48,17
591,183690476,7170.0752258,0.002,False,2018-02-02,03:17:49,03,49,17
592,183690469,7167.676431800001,0.1219,False,2018-02-02,03:17:49,03,49,17
593,183690477,7175.9,0.03263459,True,2018-02-02,03:17:49,03,49,17
594,183690489,7173.8,0.1,True,2018-02-02,03:17:51,03,51,17
595,183690485,7175.9,0.08726541,True,2018-02-02,03:17:51,03,51,17
596,183690486,7175.9,0.1219,True,2018-02-02,03:17:51,03,51,17
597,183690487,7175.9,0.1219,True,2018-02-02,03:17:51,03,51,17
598,183690522,7173.8,0.07418125,True,2018-02-02,03:17:52,03,52,17
599,183690510,7173.8,0.04771875,True,2018-02-02,03:17:52,03,52,17
600,183690508,7173.8,0.1219,True,2018-02-02,03:17:52,03,52,17
601,183690506,7173.8,0.0219,True,2018-02-02,03:17:52,03,52,17
602,183691005,7167.0,0.07163527,True,2018-02-02,03:18:27,03,27,18
603,183691003,7167.0,0.0584783,True,2018-02-02,03:18:27,03,27,18
604,183691000,7167.0,0.16988643,True,2018-02-02,03:18:27,03,27,18
605,183691046,7162.9,0.004,True,2018-02-02,03:18:30,03,30,18
606,183691077,7161.2,0.10563222,True,2018-02-02,03:18:32,03,32,18
607,183691095,7162.1,0.04954833,True,2018-02-02,03:18:33,03,33,18
608,183691227,7161.0,0.3,True,2018-02-02,03:18:47,03,47,18
609,183691369,7160.0,0.2,True,2018-02-02,03:19:03,03,03,19
610,183692486,7142.1,0.18341361,True,2018-02-02,03:20:32,03,32,20
611,183692469,7148.5,0.1,True,2018-02-02,03:20:32,03,32,20
612,183692484,7142.2,0.17588486,True,2018-02-02,03:20:32,03,32,20
613,183692628,7149.2,0.1,True,2018-02-02,03:20:34,03,34,20
614,183692633,7140.6,0.10129649,True,2018-02-02,03:20:34,03,34,20
615,183692761,7155.0,0.17289059,False,2018-02-02,03:20:39,03,39,20
616,183692968,7146.9,0.00362163,True,2018-02-02,03:20:52,03,52,20
617,183693125,7162.9,0.6,False,2018-02-02,03:21:03,03,03,21
618,183693128,7163.0,0.3,False,2018-02-02,03:21:03,03,03,21
619,183693135,7165.8,0.1,False,2018-02-02,03:21:03,03,03,21
620,183693214,7157.4,0.03036,True,2018-02-02,03:21:07,03,07,21
621,183693216,7157.4,0.01313408,True,2018-02-02,03:21:07,03,07,21
622,183693218,7157.4,0.55650592,True,2018-02-02,03:21:07,03,07,21
623,183693457,7163.0,0.96575531,False,2018-02-02,03:21:23,03,23,21
624,183694012,7148.0,0.2,True,2018-02-02,03:21:58,03,58,21
625,183694306,7141.209738,0.00623925,False,2018-02-02,03:22:08,03,08,22
626,183695502,7136.41215,0.6,True,2018-02-02,03:23:13,03,13,23
627,183695534,7126.0,0.3,True,2018-02-02,03:23:15,03,15,23
628,183695702,7125.3,0.002,True,2018-02-02,03:23:25,03,25,23
629,183695711,7125.2,0.002,True,2018-02-02,03:23:26,03,26,23
630,183695859,7125.3,0.002,True,2018-02-02,03:23:33,03,33,23
631,183695854,7125.3,0.09884114,True,2018-02-02,03:23:33,03,33,23
632,183696111,7124.4981398,0.49515886,False,2018-02-02,03:23:53,03,53,23
633,183696850,7137.1317882,0.0087,True,2018-02-02,03:24:48,03,48,24
634,183696859,7137.1317882,0.0111,True,2018-02-02,03:24:49,03,49,24
635,183696871,7137.1317882,0.0199,True,2018-02-02,03:24:49,03,49,24
636,183696912,7153.5,0.59950484,False,2018-02-02,03:24:51,03,51,24
637,183697228,7141.4496174,0.0068,True,2018-02-02,03:25:12,03,12,25
638,183697316,7135.612552,0.0289,True,2018-02-02,03:25:19,03,19,25
639,183697350,7135.612552,0.0082,True,2018-02-02,03:25:24,03,24,25
640,183697661,7134.1732756,0.01035183,False,2018-02-02,03:25:46,03,46,25
641,183697818,7124.5,0.0356,True,2018-02-02,03:25:56,03,56,25
642,183697825,7124.5,0.00204505,True,2018-02-02,03:25:57,03,57,25
643,183698077,7124.4981398,0.00621652,False,2018-02-02,03:26:17,03,17,26
644,183698180,7125.3,0.6,True,2018-02-02,03:26:24,03,24,26
645,183698240,7124.4,0.006,True,2018-02-02,03:26:29,03,29,26
646,183698255,7123.7785016000025,0.00621087,False,2018-02-02,03:26:31,03,31,26
647,183698252,7123.7785016000025,0.00620824,False,2018-02-02,03:26:31,03,31,26
648,183698326,7123.8,0.002,True,2018-02-02,03:26:35,03,35,26
649,183698328,7123.8,0.07707949,True,2018-02-02,03:26:35,03,35,26
650,183698357,7121.1,0.099998,True,2018-02-02,03:26:37,03,37,26
651,183698363,7121.1,0.9000020000000001,True,2018-02-02,03:26:37,03,37,26
652,183698350,7123.6985418,0.0566,False,2018-02-02,03:26:37,03,37,26
653,183698561,7110.9,0.002,True,2018-02-02,03:26:51,03,51,26
654,183698729,7149.0,0.3,False,2018-02-02,03:26:59,03,59,26
655,183698737,7160.0,0.3,False,2018-02-02,03:26:59,03,59,26
656,183698699,7123.4,0.6,False,2018-02-02,03:26:59,03,59,26
657,183698717,7140.0,0.2,False,2018-02-02,03:26:59,03,59,26
658,183698732,7155.0,0.2,False,2018-02-02,03:26:59,03,59,26
659,183698720,7144.0,0.2,False,2018-02-02,03:26:59,03,59,26
660,183698859,7122.1,0.6,True,2018-02-02,03:27:04,03,04,27
661,183699146,7124.0,0.19957608,True,2018-02-02,03:27:22,03,22,27
662,183699148,7124.0,0.00879469,True,2018-02-02,03:27:22,03,22,27
663,183699152,7124.0,0.06324006,True,2018-02-02,03:27:22,03,22,27
664,183699189,7124.0,0.002,True,2018-02-02,03:27:23,03,23,27
665,183699174,7124.0,0.002,True,2018-02-02,03:27:23,03,23,27
666,183699201,7124.0,0.002,True,2018-02-02,03:27:24,03,24,27
667,183699209,7124.0,0.02238917,True,2018-02-02,03:27:25,03,25,27
668,183699244,7119.0,0.002,True,2018-02-02,03:27:28,03,28,27
669,183699251,7119.0,0.03327481,True,2018-02-02,03:27:29,03,29,27
670,183699272,7119.0,0.16472519,True,2018-02-02,03:27:29,03,29,27
671,183699371,7122.818984000001,0.4,False,2018-02-02,03:27:39,03,39,27
672,183699436,7118.9009538,0.0106,False,2018-02-02,03:27:46,03,46,27
673,183699643,7118.0,0.2,True,2018-02-02,03:28:05,03,05,28
674,183699919,7110.1053758,0.0085,True,2018-02-02,03:28:31,03,31,28
675,183699926,7110.1053758,0.0222,True,2018-02-02,03:28:32,03,32,28
676,183700126,7109.225818000001,0.1183,True,2018-02-02,03:28:50,03,50,28
677,183700250,7103.0,0.2,True,2018-02-02,03:28:58,03,58,28
678,183700472,7098.831044,0.01,False,2018-02-02,03:29:09,03,09,29
679,183701579,7077.0,0.05,True,2018-02-02,03:29:55,03,55,29
680,183701571,7081.1,0.1,True,2018-02-02,03:29:55,03,55,29
681,183701561,7089.2,0.006,True,2018-02-02,03:29:55,03,55,29
682,183701584,7085.3178378,0.0591,False,2018-02-02,03:29:56,03,56,29
683,183702151,7077.0,0.1,False,2018-02-02,03:30:29,03,29,30
684,183702324,7076.4423,0.02587789,True,2018-02-02,03:30:35,03,35,30
685,183702474,7077.0,0.2,False,2018-02-02,03:30:56,03,56,30
686,183702840,7076.522259800001,0.00482238,True,2018-02-02,03:31:07,03,07,31
687,183703553,7076.4423,0.6,True,2018-02-02,03:31:41,03,41,31
688,183703828,7064.5808391,0.01,False,2018-02-02,03:31:49,03,49,31
689,183703967,7061.91731308,0.02079363,True,2018-02-02,03:32:01,03,01,32
690,183703965,7061.91731308,0.00515771,True,2018-02-02,03:32:01,03,01,32
691,183704096,7057.7095337,0.55015205,False,2018-02-02,03:32:02,03,02,32
692,183704034,7061.1,0.1,True,2018-02-02,03:32:02,03,02,32
693,183704094,7057.7095337,0.04984795,False,2018-02-02,03:32:02,03,02,32
694,183704125,7057.7095337,0.1,False,2018-02-02,03:32:03,03,03,32
695,183704379,7050.0,0.01,True,2018-02-02,03:32:12,03,12,32
696,183704423,7042.0,0.3,True,2018-02-02,03:32:12,03,12,32
697,183704359,7055.3,0.2,True,2018-02-02,03:32:12,03,12,32
698,183704381,7050.0,0.05,True,2018-02-02,03:32:12,03,12,32
699,183704406,7047.0,0.2,True,2018-02-02,03:32:12,03,12,32
700,183704711,7041.0,1.09323172,True,2018-02-02,03:32:25,03,25,32
701,183704862,7041.0,0.10949297,True,2018-02-02,03:32:32,03,32,32
702,183704881,7041.0,0.1,True,2018-02-02,03:32:33,03,33,32
703,183704875,7041.0,0.1,True,2018-02-02,03:32:33,03,33,32
704,183705650,7047.0,0.015818600000000002,False,2018-02-02,03:33:06,03,06,33
705,183705658,7047.0,0.172989,False,2018-02-02,03:33:07,03,07,33
706,183706353,7062.9,0.5994,False,2018-02-02,03:33:37,03,37,33
707,183706553,7050.6,0.6,True,2018-02-02,03:33:42,03,42,33
708,183706696,7042.0,0.2,True,2018-02-02,03:33:43,03,43,33
709,183707090,7063.1426589,0.002,True,2018-02-02,03:33:58,03,58,33
710,183707104,7063.861749,0.0024252,True,2018-02-02,03:33:59,03,59,33
711,183707190,7066.178817100003,0.01230458,True,2018-02-02,03:34:00,03,00,34
712,183707195,7066.178817100003,0.03214183,True,2018-02-02,03:34:00,03,00,34
713,183707441,7069.6,0.026767000000000003,False,2018-02-02,03:34:11,03,11,34
714,183707774,7058.0,0.0308152,True,2018-02-02,03:34:23,03,23,34
715,183707811,7058.0,0.0259753,True,2018-02-02,03:34:25,03,25,34
716,183707849,7058.0,0.2432095,True,2018-02-02,03:34:27,03,27,34
717,183707856,7052.0,0.2,True,2018-02-02,03:34:28,03,28,34
718,183707968,7048.0,0.1,True,2018-02-02,03:34:35,03,35,34
719,183707983,7048.0,1.1964,True,2018-02-02,03:34:36,03,36,34
720,183707985,7048.0,0.0033,True,2018-02-02,03:34:36,03,36,34
721,183708739,7039.892079000001,0.00765948,True,2018-02-02,03:35:19,03,19,35
722,183710062,7033.8,0.2,True,2018-02-02,03:36:36,03,36,36
723,183710068,7033.3,0.2,True,2018-02-02,03:36:36,03,36,36
724,183710695,7031.902189,0.6,True,2018-02-02,03:37:20,03,20,37
725,183711278,7022.0,0.02004567,True,2018-02-02,03:37:41,03,41,37
726,183711280,7022.0,0.02995433,True,2018-02-02,03:37:41,03,41,37
727,183711403,7016.0,0.197,True,2018-02-02,03:37:44,03,44,37
728,183711400,7016.3,0.02676335,True,2018-02-02,03:37:44,03,44,37
729,183711448,7014.324431,0.6,False,2018-02-02,03:37:46,03,46,37
730,183711687,7023.0,0.1,False,2018-02-02,03:38:08,03,08,38
731,183711719,7015.12342,0.031,True,2018-02-02,03:38:08,03,08,38
732,183711683,7023.0,0.08647351,False,2018-02-02,03:38:08,03,08,38
733,183711764,7017.0,0.1,False,2018-02-02,03:38:09,03,09,38
734,183711752,7017.0,0.05779732,False,2018-02-02,03:38:09,03,09,38
735,183711938,7023.0,0.01352649,False,2018-02-02,03:38:15,03,15,38
736,183712168,7029.3,0.5994,False,2018-02-02,03:38:28,03,28,38
737,183712930,7031.2,0.02,True,2018-02-02,03:39:13,03,13,39
738,183713323,7035.1780439,0.4,False,2018-02-02,03:39:38,03,38,39
739,183713325,7035.1780439,0.18,False,2018-02-02,03:39:38,03,38,39
740,183713433,7056.3,0.59942,False,2018-02-02,03:39:47,03,47,39
741,183713442,7066.0,0.3,False,2018-02-02,03:39:47,03,47,39
742,183713612,7040.1,0.6,True,2018-02-02,03:39:56,03,56,39
743,183713615,7040.0,0.3,True,2018-02-02,03:39:56,03,56,39
744,183713607,7044.0,0.2,True,2018-02-02,03:39:56,03,56,39
745,183713704,7060.2,0.6,False,2018-02-02,03:40:03,03,03,40
746,183713751,7041.4,0.018000000000000002,True,2018-02-02,03:40:05,03,05,40
747,183713807,7044.0,0.19724,True,2018-02-02,03:40:09,03,09,40
748,183713815,7044.1,0.37245941,True,2018-02-02,03:40:10,03,10,40
749,183713926,7049.0,0.3,True,2018-02-02,03:40:21,03,21,40
750,183713923,7052.0,0.3,True,2018-02-02,03:40:21,03,21,40
751,183714113,7066.2,0.58769941,False,2018-02-02,03:40:32,03,32,40
752,183714640,7061.0,0.2,True,2018-02-02,03:41:17,03,17,41
753,183714642,7061.0,0.1,True,2018-02-02,03:41:17,03,17,41
754,183715134,7040.6,0.0135,True,2018-02-02,03:41:43,03,43,41
755,183715225,7041.490056999999,0.04023,False,2018-02-02,03:41:47,03,47,41
756,183715229,7043.6473273,0.09913015,False,2018-02-02,03:41:47,03,47,41
757,183715227,7043.088035,0.12755,False,2018-02-02,03:41:47,03,47,41
758,183715238,7042.4,0.3119,True,2018-02-02,03:41:48,03,48,41
759,183715552,7039.4,0.2746,True,2018-02-02,03:42:12,03,12,42
760,183716211,7039.4,0.00511208,False,2018-02-02,03:42:54,03,54,42
761,183716283,7040.0,0.1135,True,2018-02-02,03:43:00,03,00,43
762,183716452,7038.0,0.3,True,2018-02-02,03:43:23,03,23,43
763,183716449,7039.0,0.3,True,2018-02-02,03:43:23,03,23,43
764,183717528,7056.3,0.04,False,2018-02-02,03:45:09,03,09,45
765,183717661,7056.0,0.56,False,2018-02-02,03:45:17,03,17,45
766,183717871,7052.1,0.6,True,2018-02-02,03:45:22,03,22,45
767,183718620,7079.0,0.3,False,2018-02-02,03:45:58,03,58,45
768,183718991,7078.6,0.6,False,2018-02-02,03:46:16,03,16,46
769,183719063,7064.1,0.00646163,True,2018-02-02,03:46:20,03,20,46
770,183719266,7107.0,0.3,False,2018-02-02,03:46:34,03,34,46
771,183719258,7101.0,0.3,False,2018-02-02,03:46:34,03,34,46
772,183719264,7103.6,1.172,False,2018-02-02,03:46:34,03,34,46
773,183719464,7079.2,0.59353837,True,2018-02-02,03:46:49,03,49,46
774,183719525,7093.5,0.00703009,True,2018-02-02,03:46:50,03,50,46
775,183719614,7087.0324299999975,0.02075676,False,2018-02-02,03:46:50,03,50,46
776,183719707,7139.0,0.15051448,False,2018-02-02,03:46:51,03,51,46
777,183719731,7102.213220999999,0.04767,False,2018-02-02,03:46:51,03,51,46
778,183719736,7102.8,0.00904452,False,2018-02-02,03:46:51,03,51,46
779,183719710,7141.7,1.02086452,False,2018-02-02,03:46:51,03,51,46
780,183719761,7118.193001000002,0.586,False,2018-02-02,03:46:51,03,51,46
781,183719712,7141.7,0.05,False,2018-02-02,03:46:51,03,51,46
782,183719740,7118.193001000002,0.00138774,False,2018-02-02,03:46:51,03,51,46
783,183719756,7118.193001000002,0.586,False,2018-02-02,03:46:51,03,51,46
784,183719695,7134.9,1.591,False,2018-02-02,03:46:51,03,51,46
785,183719714,7141.7,0.67613548,False,2018-02-02,03:46:51,03,51,46
786,183719657,7108.0,0.2,False,2018-02-02,03:46:51,03,51,46
787,183719733,7102.213220999999,0.03751,False,2018-02-02,03:46:51,03,51,46
788,183719671,7114.0,0.3,False,2018-02-02,03:46:51,03,51,46
789,183719677,7119.0,0.3,False,2018-02-02,03:46:51,03,51,46
790,183719716,7143.0,0.3,False,2018-02-02,03:46:51,03,51,46
791,183719698,7137.0,0.3,False,2018-02-02,03:46:51,03,51,46
792,183719734,7102.8,0.59095548,False,2018-02-02,03:46:51,03,51,46
793,183719744,7118.193001000002,0.34547757,False,2018-02-02,03:46:51,03,51,46
794,183719692,7132.0,0.3,False,2018-02-02,03:46:51,03,51,46
795,183719738,7102.852412199999,0.5,False,2018-02-02,03:46:51,03,51,46
796,183719705,7139.0,0.04948552,False,2018-02-02,03:46:51,03,51,46
797,183719742,7118.193001000002,0.56043226,False,2018-02-02,03:46:51,03,51,46
798,183719779,7107.3,0.28936142,True,2018-02-02,03:46:52,03,52,46
799,183719980,7107.3,0.39108069,True,2018-02-02,03:46:55,03,55,46
800,183719997,7107.3,0.11505789,True,2018-02-02,03:46:55,03,55,46
801,183719999,7104.9,0.10476476,True,2018-02-02,03:46:55,03,55,46
802,183720012,7104.9,0.69073524,True,2018-02-02,03:46:55,03,55,46
803,183720289,7103.012209999999,0.00454656,True,2018-02-02,03:47:07,03,07,47
804,183720792,7105.0,0.2,True,2018-02-02,03:47:29,03,29,47
805,183720789,7110.0,0.3,True,2018-02-02,03:47:29,03,29,47
806,183720876,7101.0,0.2,True,2018-02-02,03:47:34,03,34,47
807,183720879,7096.0,0.3,True,2018-02-02,03:47:34,03,34,47
808,183721169,7095.821309,0.6,False,2018-02-02,03:47:51,03,51,47
809,183721167,7095.821309,0.398,False,2018-02-02,03:47:51,03,51,47
810,183721175,7099.017265,0.15,False,2018-02-02,03:47:51,03,51,47
811,183721171,7096.620298000003,0.5,False,2018-02-02,03:47:51,03,51,47
812,183721173,7098.218276000001,0.15,False,2018-02-02,03:47:51,03,51,47
813,183721177,7103.012209999999,0.05074,False,2018-02-02,03:47:51,03,51,47
814,183721185,7104.6900869,0.00405469,False,2018-02-02,03:47:51,03,51,47
815,183721186,7105.0,0.4,True,2018-02-02,03:47:51,03,51,47
816,183721181,7104.610188,0.0138668,False,2018-02-02,03:47:51,03,51,47
817,183721183,7104.6900869,1.2,False,2018-02-02,03:47:51,03,51,47
818,183721179,7104.5302891,0.5,False,2018-02-02,03:47:51,03,51,47
819,183721248,7105.0,0.9,True,2018-02-02,03:47:53,03,53,47
820,183721208,7105.0,0.04457257,True,2018-02-02,03:47:53,03,53,47
821,183721278,7105.0,0.39861437,True,2018-02-02,03:47:54,03,54,47
822,183721262,7105.0,0.55008734,True,2018-02-02,03:47:54,03,54,47
823,183721269,7105.0,0.546189,True,2018-02-02,03:47:54,03,54,47
824,183721271,7105.0,0.383225,True,2018-02-02,03:47:54,03,54,47
825,183721307,7105.0,2.00153252,True,2018-02-02,03:47:55,03,55,47
826,183721309,7105.0,0.51805177,True,2018-02-02,03:47:55,03,55,47
827,183721347,7104.5302891,0.44754,False,2018-02-02,03:47:56,03,56,47
828,183721341,7103.012209999999,0.03636,False,2018-02-02,03:47:56,03,56,47
829,183721343,7104.2106935,1.0,False,2018-02-02,03:47:56,03,56,47
830,183721345,7104.5302891,1.4161,False,2018-02-02,03:47:56,03,56,47
831,183721454,7096.0,0.4289475,True,2018-02-02,03:48:02,03,02,48
832,183721482,7096.0,0.16784102,True,2018-02-02,03:48:04,03,04,48
833,183721479,7096.0,0.00490713,True,2018-02-02,03:48:04,03,04,48
834,183721487,7096.0,0.3768,True,2018-02-02,03:48:05,03,05,48
835,183721542,7100.0,0.2,True,2018-02-02,03:48:10,03,10,48
836,183721639,7099.1770628,0.1513,False,2018-02-02,03:48:13,03,13,48
837,183721648,7100.0,0.17472873,True,2018-02-02,03:48:13,03,13,48
838,183721646,7100.0,0.04988494,True,2018-02-02,03:48:13,03,13,48
839,183721657,7097.0,0.06934576,True,2018-02-02,03:48:13,03,13,48
840,183721637,7099.0971639,0.02653633,False,2018-02-02,03:48:13,03,13,48
841,183721651,7097.0,0.25893916,True,2018-02-02,03:48:13,03,13,48
842,183721656,7104.610188,0.3672,False,2018-02-02,03:48:13,03,13,48
843,183721643,7099.7363551,4.0,False,2018-02-02,03:48:13,03,13,48
844,183721645,7099.816254,0.03975,False,2018-02-02,03:48:13,03,13,48
845,183721654,7100.615243000001,0.002,False,2018-02-02,03:48:13,03,13,48
846,183721641,7099.1770628,0.098,False,2018-02-02,03:48:13,03,13,48
847,183721697,7097.1,0.30785014,True,2018-02-02,03:48:15,03,15,48
848,183721704,7097.1,0.26924784,True,2018-02-02,03:48:16,03,16,48
849,183721702,7097.1,0.02290202,True,2018-02-02,03:48:16,03,16,48
850,183721740,7097.0,0.11255938,True,2018-02-02,03:48:18,03,18,48
851,183721736,7097.0,0.04985621,True,2018-02-02,03:48:18,03,18,48
852,183721738,7097.0,0.03603837,True,2018-02-02,03:48:18,03,18,48
853,183721765,7097.0,0.55132109,True,2018-02-02,03:48:19,03,19,48
854,183721888,7104.4503902,1.27654264,False,2018-02-02,03:48:26,03,26,48
855,183721886,7103.811199,0.04079,False,2018-02-02,03:48:26,03,26,48
856,183722122,7107.0071549999975,0.00243689,True,2018-02-02,03:48:37,03,37,48
857,183722206,7107.0071549999975,0.039161,True,2018-02-02,03:48:42,03,42,48
858,183722285,7107.0071549999975,0.3,False,2018-02-02,03:48:52,03,52,48
859,183722317,7105.0,0.24127767,True,2018-02-02,03:48:54,03,54,48
860,183722328,7105.0,0.05872233,True,2018-02-02,03:48:55,03,55,48
861,183722363,7104.610188,0.6,True,2018-02-02,03:48:57,03,57,48
862,183722389,7101.0,0.2,True,2018-02-02,03:48:59,03,59,48
863,183722452,7095.0,0.3,True,2018-02-02,03:49:04,03,04,49
864,183722500,7090.0,0.3,True,2018-02-02,03:49:07,03,07,49
865,183722505,7088.1,0.2,True,2018-02-02,03:49:08,03,08,49
866,183722532,7088.7,0.18,True,2018-02-02,03:49:09,03,09,49
867,183722556,7088.7,0.0424,True,2018-02-02,03:49:10,03,10,49
868,183722548,7088.7,0.01810991,True,2018-02-02,03:49:10,03,10,49
869,183722550,7088.7,0.07726799,True,2018-02-02,03:49:10,03,10,49
870,183722561,7088.7,0.3344788,True,2018-02-02,03:49:10,03,10,49
871,183722559,7088.7,0.1,True,2018-02-02,03:49:10,03,10,49
872,183722554,7088.7,0.2,True,2018-02-02,03:49:10,03,10,49
873,183722572,7088.7,0.0477433,True,2018-02-02,03:49:11,03,11,49
874,183722624,7085.0,0.14384,True,2018-02-02,03:49:12,03,12,49
875,183722626,7085.0,0.1,True,2018-02-02,03:49:12,03,12,49
876,183722658,7085.0,0.05616,True,2018-02-02,03:49:13,03,13,49
877,183722675,7079.3,0.01554465,True,2018-02-02,03:49:14,03,14,49
878,183722713,7079.4,0.18680368,True,2018-02-02,03:49:15,03,15,49
879,183722749,7079.5,0.05855946,True,2018-02-02,03:49:16,03,16,49
880,183722765,7079.5,0.24057835,True,2018-02-02,03:49:17,03,17,49
881,183722775,7079.5,0.00545865,True,2018-02-02,03:49:17,03,17,49
882,183722763,7079.5,0.09305521,True,2018-02-02,03:49:17,03,17,49
883,183722926,7079.1224389,0.040354,True,2018-02-02,03:49:27,03,27,49
884,183723084,7091.6,0.6,False,2018-02-02,03:49:36,03,36,49
885,183723099,7103.0,0.4,False,2018-02-02,03:49:36,03,36,49
886,183723095,7098.0,0.3,False,2018-02-02,03:49:36,03,36,49
887,183723124,7079.2,0.1,True,2018-02-02,03:49:38,03,38,49
888,183723138,7079.2,0.43975814,True,2018-02-02,03:49:39,03,39,49
889,183723133,7079.2,0.00884565,True,2018-02-02,03:49:39,03,39,49
890,183723145,7098.7,0.15388800000000002,False,2018-02-02,03:49:39,03,39,49
891,183723135,7079.2,0.05139621,True,2018-02-02,03:49:39,03,39,49
892,183723143,7093.0,0.3,False,2018-02-02,03:49:39,03,39,49
893,183723195,7075.1,0.15388800000000002,True,2018-02-02,03:49:42,03,42,49
894,183723774,7071.2124478,0.012,False,2018-02-02,03:50:23,03,23,50
895,183723785,7071.0,0.3,True,2018-02-02,03:50:23,03,23,50
896,183723776,7071.292346699999,0.03989611,False,2018-02-02,03:50:23,03,23,50
897,183723818,7070.0,0.2,True,2018-02-02,03:50:25,03,25,50
898,183723831,7070.0,0.1,True,2018-02-02,03:50:26,03,26,50
899,183723876,7066.0,0.24341998,True,2018-02-02,03:50:32,03,32,50
900,183723880,7066.0,0.0235531,True,2018-02-02,03:50:32,03,32,50
901,183723882,7066.0,0.02538233,True,2018-02-02,03:50:32,03,32,50
902,183723878,7066.0,0.00764459,True,2018-02-02,03:50:32,03,32,50
903,183724062,7063.6,1.3137099,True,2018-02-02,03:50:47,03,47,50
904,183724059,7063.4622545,0.75,False,2018-02-02,03:50:47,03,47,50
905,183724068,7063.6,0.67930659,True,2018-02-02,03:50:47,03,47,50
906,183724061,7063.5421534,0.016,False,2018-02-02,03:50:47,03,47,50
907,183724072,7063.6,0.3,True,2018-02-02,03:50:47,03,47,50
908,183724074,7063.6,0.01104647,True,2018-02-02,03:50:47,03,47,50
909,183724066,7063.6,0.016,True,2018-02-02,03:50:47,03,47,50
910,183724070,7063.6,1.0,True,2018-02-02,03:50:47,03,47,50
911,183724076,7063.6,0.1156,True,2018-02-02,03:50:47,03,47,50
912,183724082,7063.6,0.016,True,2018-02-02,03:50:48,03,48,50
913,183724084,7063.6,0.1,True,2018-02-02,03:50:48,03,48,50
914,183724088,7063.6,0.00698791,True,2018-02-02,03:50:49,03,49,50
915,183724943,7094.1,0.6,False,2018-02-02,03:52:06,03,06,52
916,183725045,7087.831419,0.0475,True,2018-02-02,03:52:24,03,24,52
917,183725057,7087.831419,0.0294,True,2018-02-02,03:52:24,03,24,52
918,183725051,7087.831419,0.0631,True,2018-02-02,03:52:24,03,24,52
919,183725576,7088.630408,0.1453,True,2018-02-02,03:53:12,03,12,53
920,183725776,7089.0,0.3,False,2018-02-02,03:53:36,03,36,53
921,183725742,7090.0,0.3,False,2018-02-02,03:53:36,03,36,53
922,183726094,7075.7,0.392,True,2018-02-02,03:53:52,03,52,53
923,183726089,7075.7,0.1,True,2018-02-02,03:53:52,03,52,53
924,183726196,7071.931537899999,0.00997599,False,2018-02-02,03:54:00,03,00,54
925,183726198,7071.931537899999,0.09802401,False,2018-02-02,03:54:00,03,00,54
926,183726415,7071.851639,0.102,True,2018-02-02,03:54:13,03,13,54
927,183726406,7071.851639,0.0346,True,2018-02-02,03:54:13,03,13,54
928,183726771,7054.0,0.3,True,2018-02-02,03:54:37,03,37,54
929,183726778,7050.0,0.3,True,2018-02-02,03:54:37,03,37,54
930,183726767,7059.5,0.1,True,2018-02-02,03:54:37,03,37,54
931,183726854,7057.1,0.1,True,2018-02-02,03:54:38,03,38,54
932,183727073,7043.0,0.3,True,2018-02-02,03:54:44,03,44,54
933,183727118,7055.871859000001,0.13424,False,2018-02-02,03:54:45,03,45,54
934,183727123,7063.861749,0.06,False,2018-02-02,03:54:45,03,45,54
935,183727125,7063.861749,0.05799595,False,2018-02-02,03:54:45,03,45,54
936,183727119,7062.2,0.599892,False,2018-02-02,03:54:45,03,45,54
937,183727108,7042.9282372,0.15867928,False,2018-02-02,03:54:45,03,45,54
938,183727112,7046.2839909999975,0.2,False,2018-02-02,03:54:45,03,45,54
939,183727110,7044.686013,0.10442,False,2018-02-02,03:54:45,03,45,54
940,183727121,7063.06276,2.0,False,2018-02-02,03:54:45,03,45,54
941,183727114,7047.08298,1.8544,False,2018-02-02,03:54:45,03,45,54
942,183727116,7048.6010591,1.751,False,2018-02-02,03:54:45,03,45,54
943,183727200,7039.2,0.05,True,2018-02-02,03:54:51,03,51,54
944,183727202,7039.2,0.25,True,2018-02-02,03:54:51,03,51,54
945,183727215,7039.2,0.04178501,True,2018-02-02,03:54:51,03,51,54
946,183727248,7039.2,0.25821499,True,2018-02-02,03:54:53,03,53,54
947,183728084,7035.1780439,3.35499681,False,2018-02-02,03:55:18,03,18,55
948,183728088,7035.1780439,0.00274392,False,2018-02-02,03:55:18,03,18,55
949,183728090,7035.1780439,0.92745227,False,2018-02-02,03:55:18,03,18,55
950,183728086,7035.1780439,1.0,False,2018-02-02,03:55:18,03,18,55
951,183728289,7035.098145,0.002007,True,2018-02-02,03:55:33,03,33,55
952,183729274,7056.4,0.6,False,2018-02-02,03:56:48,03,48,56
953,183729677,7054.992971100001,0.0033,True,2018-02-02,03:57:02,03,02,57
954,183729675,7054.992971100001,0.1467,True,2018-02-02,03:57:02,03,02,57
955,183729725,7053.0,0.3,True,2018-02-02,03:57:06,03,06,57
956,183729767,7048.0,0.237533,True,2018-02-02,03:57:10,03,10,57
957,183729814,7040.1,0.6,True,2018-02-02,03:57:16,03,16,57
958,183729957,7032.6,1.0,True,2018-02-02,03:57:27,03,27,57
959,183730026,7044.9,0.6,False,2018-02-02,03:57:41,03,41,57
960,183730135,7031.2,0.08285256,True,2018-02-02,03:57:44,03,44,57
961,183730193,7029.0,0.07494398,True,2018-02-02,03:57:51,03,51,57
962,183730239,7031.3,0.51714744,True,2018-02-02,03:57:59,03,59,57
963,183730816,7047.9,0.09817836,True,2018-02-02,03:58:40,03,40,58
964,183731094,7047.7221712,2.77371889,False,2018-02-02,03:59:12,03,12,59
965,183731092,7047.642272300001,1.2,False,2018-02-02,03:59:12,03,12,59
966,183731090,7047.5623734,0.00923683,False,2018-02-02,03:59:12,03,12,59
967,183731168,7043.0,0.3,True,2018-02-02,03:59:25,03,25,59
968,183731186,7042.0,0.081,True,2018-02-02,03:59:27,03,27,59
969,183731194,7042.0,0.099683,True,2018-02-02,03:59:27,03,27,59
970,183731196,7042.0,0.219317,True,2018-02-02,03:59:28,03,28,59
971,183731259,7037.0,0.4,True,2018-02-02,03:59:31,03,31,59
972,183731319,7044.7,0.6,False,2018-02-02,03:59:34,03,34,59
973,183731390,7034.6,0.1,True,2018-02-02,03:59:40,03,40,59
974,183731415,7034.6,0.297316,True,2018-02-02,03:59:40,03,40,59
975,183731473,7047.08298,0.397316,True,2018-02-02,03:59:46,03,46,59
976,183731680,7052.0,0.4,False,2018-02-02,04:00:01,04,01,00
977,183731725,7056.0,0.23564,False,2018-02-02,04:00:12,04,12,00
978,183731742,7056.0,0.04579,False,2018-02-02,04:00:12,04,12,00
979,183731900,7052.276408499999,0.09828,True,2018-02-02,04:00:17,04,17,00
980,183731895,7052.276408499999,0.098223,True,2018-02-02,04:00:17,04,17,00
981,183731925,7052.276408499999,0.098556,True,2018-02-02,04:00:17,04,17,00
982,183731930,7052.276408499999,0.12298785,True,2018-02-02,04:00:18,04,18,00
983,183731934,7047.08298,0.64925111,True,2018-02-02,04:00:18,04,18,00
984,183731928,7052.3563074,0.14,True,2018-02-02,04:00:18,04,18,00
985,183731932,7051.077925,0.18741607,True,2018-02-02,04:00:18,04,18,00
986,183732038,7048.0,0.01,True,2018-02-02,04:00:34,04,34,00
987,183732040,7048.0,0.04983849,True,2018-02-02,04:00:34,04,34,00
988,183732036,7048.0,0.01,True,2018-02-02,04:00:34,04,34,00
989,183732052,7048.0,0.04983849,True,2018-02-02,04:00:36,04,36,00
990,183732060,7048.0,0.18032302,True,2018-02-02,04:00:36,04,36,00
991,183732130,7047.961867899999,0.393,False,2018-02-02,04:00:43,04,43,00
992,183732378,7058.9080171999985,0.020451,False,2018-02-02,04:01:00,04,00,01
993,183732450,7058.4,0.03835165,True,2018-02-02,04:01:05,04,05,01
994,183732701,7064.0,0.02034,True,2018-02-02,04:01:29,04,29,01
995,183732711,7064.0,0.048146,True,2018-02-02,04:01:30,04,30,01
996,183732709,7064.0,0.331514,True,2018-02-02,04:01:30,04,30,01
997,183732750,7064.0,0.316618,True,2018-02-02,04:01:42,04,42,01
998,183732752,7064.0,0.05,True,2018-02-02,04:01:42,04,42,01
999,183732774,7068.655683,0.00370225,False,2018-02-02,04:01:43,04,43,01
1000,183732824,7073.47123127,0.01714609,False,2018-02-02,04:01:45,04,45,01
1001,183732945,7074.87247359,0.1,False,2018-02-02,04:01:53,04,53,01
1002,183732996,7074.17185243,0.05468199,False,2018-02-02,04:01:57,04,57,01
1003,183733004,7069.56777052,0.1535866,True,2018-02-02,04:01:57,04,57,01
1004,183733002,7071.26927905,0.4,True,2018-02-02,04:01:57,04,57,01
1005,183732994,7074.288447600001,0.01971592,True,2018-02-02,04:01:57,04,57,01
1006,183733521,7063.0,0.01,True,2018-02-02,04:03:02,04,02,03
1007,183733525,7063.0,0.15904135,True,2018-02-02,04:03:02,04,02,03
1008,183733790,7076.0,0.4,False,2018-02-02,04:03:53,04,53,03
1009,183733792,7077.2,0.6,False,2018-02-02,04:03:53,04,53,03
1010,183733922,7071.8893536,0.196463,True,2018-02-02,04:04:17,04,17,04
1011,183734046,7071.8,0.21612405,False,2018-02-02,04:04:20,04,20,04
1012,183734048,7071.8,0.21613964,False,2018-02-02,04:04:20,04,20,04
1013,183734131,7068.6905616,0.1491507,True,2018-02-02,04:04:31,04,31,04
1014,183734233,7066.931226000002,0.04602658,True,2018-02-02,04:04:43,04,43,04
1015,183734329,7063.812403800001,0.124897,True,2018-02-02,04:04:58,04,58,04
1016,183734361,7063.1,0.294693,True,2018-02-02,04:05:02,04,02,05
1017,183734359,7063.1,0.305307,True,2018-02-02,04:05:02,04,02,05
1018,183734608,7063.732434000001,0.17913699,False,2018-02-02,04:05:37,04,37,05
1019,183734606,7063.6524642,0.016,False,2018-02-02,04:05:37,04,37,05
1020,183734744,7063.8,0.124915,False,2018-02-02,04:05:54,04,54,05
1021,183734747,7071.3,0.07171799999999999,False,2018-02-02,04:05:54,04,54,05
1022,183735148,7090.8,0.6,False,2018-02-02,04:06:23,04,23,06
1023,183735164,7093.32126,0.52545065,True,2018-02-02,04:06:24,04,24,06
1024,183735264,7093.3,0.15053848,False,2018-02-02,04:06:28,04,28,06
1025,183735277,7097.0,0.4,False,2018-02-02,04:06:28,04,28,06
1026,183735428,7083.0,0.18587034,True,2018-02-02,04:06:41,04,41,06
1027,183735440,7083.0,0.0711654,True,2018-02-02,04:06:41,04,41,06
1028,183735425,7083.0,0.04296426,True,2018-02-02,04:06:41,04,41,06
1029,183735551,7089.882558600001,0.00602031,True,2018-02-02,04:06:44,04,44,06
1030,183735667,7105.31673,0.0058,True,2018-02-02,04:06:51,04,51,06
1031,183735675,7109.0,0.04218,False,2018-02-02,04:06:52,04,52,06
1032,183735761,7105.31673,0.00165566,True,2018-02-02,04:06:55,04,55,06
1033,183735847,7108.0,0.03714582,False,2018-02-02,04:07:02,04,02,07
1034,183735934,7105.3966998,0.0106,True,2018-02-02,04:07:08,04,08,07
1035,183736175,7110.0,0.084915,False,2018-02-02,04:07:28,04,28,07
1036,183736314,7113.0,0.2,False,2018-02-02,04:07:44,04,44,07
1037,183736293,7101.4,0.6,True,2018-02-02,04:07:44,04,44,07
1038,183736497,7100.0,0.00551181,False,2018-02-02,04:07:55,04,55,07
1039,183736515,7100.0,0.06062028,False,2018-02-02,04:07:56,04,56,07
1040,183736646,7099.0,0.005474100000000001,False,2018-02-02,04:08:02,04,02,08
1041,183736638,7099.0,0.06976030000000001,False,2018-02-02,04:08:02,04,02,08
1042,183736656,7099.0,0.06842331,False,2018-02-02,04:08:03,04,03,08
1043,183736651,7099.0,0.00549343,False,2018-02-02,04:08:03,04,03,08
1044,183736707,7116.512502,0.6,True,2018-02-02,04:08:06,04,06,08
1045,183736701,7113.0,0.2,False,2018-02-02,04:08:06,04,06,08
1046,183736696,7110.0,0.3,False,2018-02-02,04:08:06,04,06,08
1047,183736799,7107.715824,0.0055312,True,2018-02-02,04:08:14,04,14,08
1048,183736903,7107.0,0.3,False,2018-02-02,04:08:22,04,22,08
1049,183737029,7111.0,0.3,False,2018-02-02,04:08:34,04,34,08
1050,183737137,7102.1179379999985,0.021996,False,2018-02-02,04:08:51,04,51,08
1051,183737592,7101.318240000001,0.05816584,False,2018-02-02,04:09:39,04,39,09
1052,183737885,7126.6,2.90883486,False,2018-02-02,04:10:02,04,02,10
1053,183737880,7124.0,0.3,False,2018-02-02,04:10:02,04,02,10
1054,183737883,7126.6,2.09116514,False,2018-02-02,04:10:02,04,02,10
1055,183737870,7118.0,0.4,False,2018-02-02,04:10:02,04,02,10
1056,183737863,7114.0,0.3,False,2018-02-02,04:10:02,04,02,10
1057,183737857,7110.0,0.46111731,False,2018-02-02,04:10:02,04,02,10
1058,183738088,7109.5,0.11363903,True,2018-02-02,04:10:12,04,12,10
1059,183738078,7109.5,0.10528268,True,2018-02-02,04:10:12,04,12,10
1060,183738099,7109.6,0.38107829,True,2018-02-02,04:10:13,04,13,10
1061,183738124,7106.0,0.3,True,2018-02-02,04:10:15,04,15,10
1062,183738153,7108.515522,0.4,True,2018-02-02,04:10:17,04,17,10
1063,183738163,7106.2,0.002,False,2018-02-02,04:10:18,04,18,10
1064,183738168,7106.2,0.002,False,2018-02-02,04:10:19,04,19,10
1065,183738203,7106.2,0.066,False,2018-02-02,04:10:22,04,22,10
1066,183738272,7106.0,0.3,True,2018-02-02,04:10:28,04,28,10
1067,183738307,7116.4,0.6,False,2018-02-02,04:10:30,04,30,10
1068,183738920,7127.8,0.01736795,True,2018-02-02,04:11:24,04,24,11
1069,183738940,7127.8,0.4430282,True,2018-02-02,04:11:26,04,26,11
1070,183739178,7130.0,0.22,True,2018-02-02,04:11:56,04,56,11
1071,183739553,7117.0,0.06,True,2018-02-02,04:12:34,04,34,12
1072,183739579,7117.0,0.1,True,2018-02-02,04:12:35,04,35,12
1073,183739585,7117.0,0.1,True,2018-02-02,04:12:35,04,35,12
1074,183739607,7113.0,0.3,True,2018-02-02,04:12:36,04,36,12
1075,183739603,7117.0,0.04,True,2018-02-02,04:12:36,04,36,12
1076,183739634,7113.0,0.081811,True,2018-02-02,04:12:38,04,38,12
1077,183739642,7113.0,0.918189,True,2018-02-02,04:12:39,04,39,12
1078,183739831,7105.0,0.3,True,2018-02-02,04:12:51,04,51,12
1079,183739828,7111.5,0.7739,True,2018-02-02,04:12:51,04,51,12
1080,183739837,7102.3,1.0,True,2018-02-02,04:12:51,04,51,12
1081,183739840,7101.5,0.13960385,True,2018-02-02,04:12:51,04,51,12
1082,183739902,7105.7,0.13460999999999998,True,2018-02-02,04:12:55,04,55,12
1083,183740021,7103.4,0.0534,True,2018-02-02,04:13:03,04,03,13
1084,183740017,7102.917636,0.0414,False,2018-02-02,04:13:03,04,03,13
1085,183740230,7101.4,0.00959,True,2018-02-02,04:13:16,04,16,13
1086,183740224,7101.4,0.0109,True,2018-02-02,04:13:16,04,16,13
1087,183740526,7107.0,0.12131954,False,2018-02-02,04:13:54,04,54,13
1088,183740557,7107.0,0.17868046,False,2018-02-02,04:13:56,04,56,13
1089,183740740,7102.8376662,0.144552,True,2018-02-02,04:14:22,04,22,14
1090,183740785,7111.0,0.3,False,2018-02-02,04:14:24,04,24,14
1091,183740792,7115.0,0.3,False,2018-02-02,04:14:24,04,24,14
1092,183740801,7118.0,0.4,False,2018-02-02,04:14:24,04,24,14
1093,183740853,7118.2718376,0.29715833,True,2018-02-02,04:14:26,04,26,14
1094,183740889,7118.2718376,0.14003014,True,2018-02-02,04:14:27,04,27,14
1095,183740928,7118.2718376,4.08886615,True,2018-02-02,04:14:29,04,29,14
1096,183741027,7118.2,0.15711868,False,2018-02-02,04:14:39,04,39,14
1097,183741029,7118.2,0.15705658,False,2018-02-02,04:14:39,04,39,14
1098,183741254,7118.5917168,0.34591641,True,2018-02-02,04:15:05,04,05,15
1099,183741639,7122.8301162,0.0033621,True,2018-02-02,04:15:37,04,37,15
1100,183741635,7123.149995399999,0.02,True,2018-02-02,04:15:37,04,37,15
1101,183741643,7119.9,0.002,False,2018-02-02,04:15:37,04,37,15
1102,183741633,7123.149995399999,0.03,True,2018-02-02,04:15:37,04,37,15
1103,183741637,7122.910086,0.34049524,True,2018-02-02,04:15:37,04,37,15
1104,183741640,7119.9,0.2,False,2018-02-02,04:15:37,04,37,15
1105,183741741,7138.0,0.3,False,2018-02-02,04:15:46,04,46,15
1106,183741747,7143.0,0.3,False,2018-02-02,04:15:46,04,46,15
1107,183741733,7131.6,0.6,False,2018-02-02,04:15:46,04,46,15
1108,183741891,7120.0,0.3,True,2018-02-02,04:16:05,04,05,16
1109,183741889,7120.0,0.3,True,2018-02-02,04:16:05,04,05,16
1110,183741973,7119.0,0.26096537,True,2018-02-02,04:16:05,04,05,16
1111,183741859,7119.711294,0.020543,False,2018-02-02,04:16:05,04,05,16
1112,183741970,7119.0,0.03903463,True,2018-02-02,04:16:05,04,05,16
1113,183741994,7118.8,0.57947754,True,2018-02-02,04:16:06,04,06,16
1114,183742016,7121.5,2.89052191,False,2018-02-02,04:16:07,04,07,16
1115,183746390,7096.0,0.3,False,2018-02-02,04:20:46,04,46,20
1116,183746379,7090.8,0.6,False,2018-02-02,04:20:46,04,46,20
1117,183746387,7093.0,0.3,False,2018-02-02,04:20:46,04,46,20
1118,183746465,7078.526847,0.6,False,2018-02-02,04:20:48,04,48,20
1119,183747336,7088.0,0.06997417,True,2018-02-02,04:21:57,04,57,21
1120,183747346,7088.0,0.23002583,True,2018-02-02,04:21:59,04,59,21
1121,183748149,7078.1269980000025,1.97,True,2018-02-02,04:23:38,04,38,23
1122,183748831,7067.730924,0.227014,True,2018-02-02,04:25:04,04,04,25
1123,183748850,7067.730924,0.28458048,True,2018-02-02,04:25:06,04,06,25
1124,183749192,7062.133038,0.227291,True,2018-02-02,04:25:45,04,45,25
1125,183749225,7062.133038,0.009338,True,2018-02-02,04:25:46,04,46,25
1126,183749572,7059.0,0.3,False,2018-02-02,04:26:12,04,12,26
1127,183749647,7054.935756,0.020308,True,2018-02-02,04:26:23,04,23,26
1128,183750148,7053.3363599999975,7.0,True,2018-02-02,04:27:13,04,13,27
1129,183750233,7053.3363599999975,3.41868734,True,2018-02-02,04:27:25,04,25,27
1130,183750353,7053.3363599999975,0.5994,True,2018-02-02,04:27:40,04,40,27
1131,183750387,7038.4,0.6,True,2018-02-02,04:27:42,04,42,27
1132,183750496,7076.0,0.3,False,2018-02-02,04:27:44,04,44,27
1133,183750485,7068.0,0.3,False,2018-02-02,04:27:44,04,44,27
1134,183750489,7071.0,0.3,False,2018-02-02,04:27:44,04,44,27
1135,183750441,7051.0,0.3,False,2018-02-02,04:27:44,04,44,27
1136,183750479,7064.0,0.3,False,2018-02-02,04:27:44,04,44,27
1137,183750466,7056.0,0.3,False,2018-02-02,04:27:44,04,44,27
1138,183750471,7059.0,0.3,False,2018-02-02,04:27:44,04,44,27
1139,183750491,7072.0,0.1,False,2018-02-02,04:27:44,04,44,27
1140,183750443,7051.6,0.6,False,2018-02-02,04:27:44,04,44,27
1141,183750676,7089.4,0.153784,False,2018-02-02,04:27:57,04,57,27
1142,183750898,7051.0,0.6,True,2018-02-02,04:28:07,04,07,28
1143,183751252,7063.8923736,0.25780962,False,2018-02-02,04:28:46,04,46,28
1144,183751271,7063.0,0.2,True,2018-02-02,04:28:49,04,49,28
1145,183751276,7062.932736,0.048060000000000005,False,2018-02-02,04:28:52,04,52,28
1146,183751278,7062.932736,0.06168623,False,2018-02-02,04:28:52,04,52,28
1147,183751542,7068.0,0.0198754,True,2018-02-02,04:29:16,04,16,29
1148,183751594,7068.0,0.01232195,True,2018-02-02,04:29:24,04,24,29
1149,183751604,7068.0,0.26780265,True,2018-02-02,04:29:28,04,28,29
1150,183751738,7068.0,0.3,True,2018-02-02,04:29:52,04,52,29
1151,183751749,7064.0,0.2,True,2018-02-02,04:29:55,04,55,29
1152,183751767,7075.9,0.6,False,2018-02-02,04:29:59,04,59,29
1153,183751802,7086.0,0.3,False,2018-02-02,04:30:05,04,05,30
1154,183751799,7081.0,0.2,False,2018-02-02,04:30:05,04,05,30
1155,183752038,7076.0,0.3,True,2018-02-02,04:30:31,04,31,30
1156,183752031,7079.3,0.6,True,2018-02-02,04:30:31,04,31,30
1157,183752048,7072.0,0.09352484,True,2018-02-02,04:30:32,04,32,30
1158,183752060,7080.0,0.18,True,2018-02-02,04:30:34,04,34,30
1159,183752083,7080.0,0.02,True,2018-02-02,04:30:36,04,36,30
1160,183752122,7079.0,0.160469,True,2018-02-02,04:30:41,04,41,30
1161,183752130,7079.0,0.139531,True,2018-02-02,04:30:43,04,43,30
1162,183752276,7067.0,0.2567105,True,2018-02-02,04:31:05,04,05,31
1163,183752439,7066.131528,0.1,True,2018-02-02,04:31:30,04,30,31
1164,183752527,7062.8527662,0.04626941,True,2018-02-02,04:31:39,04,39,31
1165,183752522,7063.2,0.002,False,2018-02-02,04:31:39,04,39,31
1166,183752621,7058.0,0.55173059,False,2018-02-02,04:31:53,04,53,31
1167,183752654,7048.7,0.1,True,2018-02-02,04:31:56,04,56,31
1168,183752936,7046.5,0.5,True,2018-02-02,04:32:29,04,29,32
1169,183753046,7047.0,0.0072998,False,2018-02-02,04:32:32,04,32,32
1170,183753279,7053.3,0.01334622,True,2018-02-02,04:33:05,04,05,33
1171,183753284,7053.3,0.07,True,2018-02-02,04:33:07,04,07,33
1172,183753282,7053.3,0.12311664,True,2018-02-02,04:33:07,04,07,33
1173,183753290,7053.3,0.05,True,2018-02-02,04:33:09,04,09,33
1174,183753294,7053.3,0.01,True,2018-02-02,04:33:10,04,10,33
1175,183753305,7053.3,0.01079805,True,2018-02-02,04:33:11,04,11,33
1176,183753333,7053.3,0.5,True,2018-02-02,04:33:14,04,14,33
1177,183753339,7053.3,0.05,True,2018-02-02,04:33:15,04,15,33
1178,183753343,7053.3,0.2,True,2018-02-02,04:33:16,04,16,33
1179,183753391,7053.3,0.17,True,2018-02-02,04:33:25,04,25,33
1180,183753426,7053.3,1.43030734,True,2018-02-02,04:33:32,04,32,33
1181,183753529,7046.0,0.00701403,False,2018-02-02,04:33:47,04,47,33
1182,183754183,7030.1,0.1,True,2018-02-02,04:35:33,04,33,35
1183,183755266,7050.0,0.3,False,2018-02-02,04:36:44,04,44,36
1184,183755247,7041.2,0.6,False,2018-02-02,04:36:44,04,44,36
1185,183755270,7052.8,0.2,False,2018-02-02,04:36:44,04,44,36
1186,183755253,7043.0,0.3,False,2018-02-02,04:36:44,04,44,36
1187,183755256,7043.1,0.1,False,2018-02-02,04:36:44,04,44,36
1188,183755262,7046.0,0.2,False,2018-02-02,04:36:44,04,44,36
1189,183755244,7038.0,0.3,False,2018-02-02,04:36:44,04,44,36
1190,183756051,7047.0,0.2,True,2018-02-02,04:37:55,04,55,37
1191,183756497,7043.0,0.3,True,2018-02-02,04:38:55,04,55,38
1192,183756502,7036.0,0.3,True,2018-02-02,04:38:55,04,55,38
1193,183756499,7041.0,0.3,True,2018-02-02,04:38:55,04,55,38
1194,183756567,7032.0,0.3,True,2018-02-02,04:39:07,04,07,39
1195,183756570,7028.0,0.3,True,2018-02-02,04:39:07,04,07,39
1196,183757119,7066.0,0.3,False,2018-02-02,04:40:04,04,04,40
1197,183757123,7069.0,0.3,False,2018-02-02,04:40:04,04,04,40
1198,183757114,7060.0,0.05,False,2018-02-02,04:40:04,04,04,40
1199,183757901,7081.5,0.6,True,2018-02-02,04:41:13,04,13,41
1200,183757970,7091.8,1.173,False,2018-02-02,04:41:20,04,20,41
1201,183758298,7101.0,0.2,False,2018-02-02,04:41:46,04,46,41
1202,183758294,7098.0,0.3,False,2018-02-02,04:41:46,04,46,41
1203,183758305,7104.7,1.597,False,2018-02-02,04:41:46,04,46,41
1204,183758307,7105.0,0.3,False,2018-02-02,04:41:46,04,46,41
1205,183758430,7107.715824,0.6,True,2018-02-02,04:41:50,04,50,41
1206,183759550,7099.5,0.1,True,2018-02-02,04:43:13,04,13,43
1207,183759660,7093.0,0.1,True,2018-02-02,04:43:21,04,21,43
1208,183759816,7092.2,0.1,True,2018-02-02,04:43:40,04,40,43
1209,183759832,7092.2,0.04997,True,2018-02-02,04:43:42,04,42,43
1210,183759830,7092.2,0.1,True,2018-02-02,04:43:42,04,42,43
1211,183759845,7092.2,0.01,True,2018-02-02,04:43:43,04,43,43
1212,183759874,7092.2,0.04997,True,2018-02-02,04:43:49,04,49,43
1213,183759884,7092.2,0.1,True,2018-02-02,04:43:51,04,51,43
1214,183759886,7092.2,0.00694631,True,2018-02-02,04:43:51,04,51,43
1215,183759881,7092.2,0.04997,True,2018-02-02,04:43:51,04,51,43
1216,183759893,7092.281652600002,0.02,False,2018-02-02,04:43:52,04,52,43
1217,183759897,7092.281652600002,0.5865,False,2018-02-02,04:43:52,04,52,43
1218,183759895,7092.281652600002,0.5665,False,2018-02-02,04:43:52,04,52,43
1219,183759915,7092.201682800001,0.75,False,2018-02-02,04:43:54,04,54,43
1220,183759919,7092.201682800001,0.12030369,False,2018-02-02,04:43:54,04,54,43
1221,183759917,7092.201682800001,0.0485,False,2018-02-02,04:43:54,04,54,43
1222,183759909,7092.2,0.2,True,2018-02-02,04:43:54,04,54,43
1223,183759911,7092.2,0.01134,True,2018-02-02,04:43:54,04,54,43
1224,183759959,7082.0,0.18395,True,2018-02-02,04:43:59,04,59,43
1225,183760090,7082.0,0.6,True,2018-02-02,04:44:21,04,21,44
1226,183760255,7081.405759800001,0.11292927,True,2018-02-02,04:44:42,04,42,44
1227,183760257,7081.325790000001,1.13440238,True,2018-02-02,04:44:42,04,42,44
1228,183760356,7081.325790000001,0.62369829,True,2018-02-02,04:44:55,04,55,44
1229,183760472,7081.325790000001,2.05524824,True,2018-02-02,04:45:11,04,11,45
1230,183760513,7081.325790000001,2.90121123,True,2018-02-02,04:45:26,04,26,45
1231,183762098,7072.6090818,0.14686425,True,2018-02-02,04:48:14,04,14,48
1232,183762111,7072.0,0.1,False,2018-02-02,04:48:15,04,15,48
1233,183762124,7072.0,0.07276869,False,2018-02-02,04:48:17,04,17,48
1234,183762202,7073.328809999999,0.08199999999999999,True,2018-02-02,04:48:33,04,33,48
1235,183762789,7066.0,0.3,True,2018-02-02,04:49:37,04,37,49
1236,183763192,7077.3273,0.00416065,True,2018-02-02,04:50:10,04,10,50
1237,183763309,7085.0,0.09998063,False,2018-02-02,04:50:28,04,28,50
1238,183763324,7085.0,0.1182,False,2018-02-02,04:50:28,04,28,50
1239,183764072,7101.4,0.46669,False,2018-02-02,04:51:23,04,23,51
1240,183764096,7101.3,0.02,False,2018-02-02,04:51:24,04,24,51
1241,183764216,7102.8,0.09339758,False,2018-02-02,04:51:30,04,30,51
1242,183764322,7105.9564884,0.48660242,True,2018-02-02,04:51:42,04,42,51
1243,183764723,7108.0,0.05,True,2018-02-02,04:52:04,04,04,52
1244,183764721,7108.0,0.2,True,2018-02-02,04:52:04,04,04,52
1245,183766169,7124.6,0.56,True,2018-02-02,04:54:19,04,19,54
1246,183766496,7126.0,0.06331152,True,2018-02-02,04:54:44,04,44,54
1247,183766537,7126.0,0.13068927,True,2018-02-02,04:54:46,04,46,54
1248,183766545,7126.0,0.02545582,True,2018-02-02,04:54:47,04,47,54
1249,183766548,7126.0,0.08054339,True,2018-02-02,04:54:47,04,47,54
1250,183766629,7118.0,0.2,True,2018-02-02,04:54:52,04,52,54
1251,183766623,7122.0,0.3,True,2018-02-02,04:54:52,04,52,54
1252,183766701,7121.0,0.04952093,True,2018-02-02,04:54:58,04,58,54
1253,183766707,7121.0,0.1,True,2018-02-02,04:54:59,04,59,54
1254,183766956,7130.0,0.03496557,True,2018-02-02,04:55:27,04,27,55
1255,183767017,7133.0,0.41493532,True,2018-02-02,04:55:34,04,34,55
1256,183767039,7133.0,0.04468823,True,2018-02-02,04:55:36,04,36,55
1257,183767089,7133.0,0.457,True,2018-02-02,04:55:41,04,41,55
1258,183767243,7133.226190199999,0.19601072,False,2018-02-02,04:55:59,04,59,55
1259,183767525,7188.0,0.3,False,2018-02-02,04:56:23,04,23,56
1260,183767517,7185.7,2.364,False,2018-02-02,04:56:23,04,23,56
1261,183767491,7173.7,1.16,False,2018-02-02,04:56:23,04,23,56
1262,183767457,7152.7,0.56,False,2018-02-02,04:56:23,04,23,56
1263,183767519,7185.8,1.734,False,2018-02-02,04:56:23,04,23,56
1264,183767479,7168.0,0.3,False,2018-02-02,04:56:23,04,23,56
1265,183767486,7173.0,0.3,False,2018-02-02,04:56:23,04,23,56
1266,183767509,7183.0,0.3,False,2018-02-02,04:56:23,04,23,56
1267,183767527,7188.1,0.5,False,2018-02-02,04:56:23,04,23,56
1268,183767493,7174.1,1.581,False,2018-02-02,04:56:23,04,23,56
1269,183767498,7178.0,0.3,False,2018-02-02,04:56:23,04,23,56
1270,183767597,7216.6,1.0,False,2018-02-02,04:56:24,04,24,56
1271,183767574,7202.3,1.0,False,2018-02-02,04:56:24,04,24,56
1272,183767600,7218.6,3.882,False,2018-02-02,04:56:24,04,24,56
1273,183767672,7149.2201502000025,0.5,False,2018-02-02,04:56:24,04,24,56
1274,183767591,7213.0,1.0,False,2018-02-02,04:56:24,04,24,56
1275,183767576,7202.9,2.594,False,2018-02-02,04:56:24,04,24,56
1276,183767603,7220.2,5.291,False,2018-02-02,04:56:24,04,24,56
1277,183767572,7201.6,3.536,False,2018-02-02,04:56:24,04,24,56
1278,183767673,7172.7,0.1,False,2018-02-02,04:56:24,04,24,56
1279,183767786,7186.4,0.71432479,True,2018-02-02,04:56:25,04,25,56
1280,183767689,7181.3,0.2,False,2018-02-02,04:56:25,04,25,56
1281,183767675,7176.1699728,0.6580126000000001,False,2018-02-02,04:56:25,04,25,56
1282,183767782,7186.4,0.10234312,True,2018-02-02,04:56:25,04,25,56
1283,183767728,7186.4,0.01129702,True,2018-02-02,04:56:25,04,25,56
1284,183767707,7177.8,0.4,True,2018-02-02,04:56:25,04,25,56
1285,183767791,7186.4,0.23835332,True,2018-02-02,04:56:25,04,25,56
1286,183767784,7186.4,0.13567521,True,2018-02-02,04:56:25,04,25,56
1287,183767776,7186.4,2.19618465,True,2018-02-02,04:56:25,04,25,56
1288,183767738,7186.4,0.1,True,2018-02-02,04:56:25,04,25,56
1289,183767793,7186.4,0.1,True,2018-02-02,04:56:25,04,25,56
1290,183767679,7177.8,0.4,True,2018-02-02,04:56:25,04,25,56
1291,183767789,7186.4,0.1,True,2018-02-02,04:56:25,04,25,56
1292,183767701,7185.6,0.8,True,2018-02-02,04:56:25,04,25,56
1293,183767694,7177.8,0.1175796,True,2018-02-02,04:56:25,04,25,56
1294,183767699,7183.0,0.997,False,2018-02-02,04:56:25,04,25,56
1295,183767724,7186.4,0.1,True,2018-02-02,04:56:25,04,25,56
1296,183767691,7183.0,0.162,False,2018-02-02,04:56:25,04,25,56
1297,183767690,7182.7,1.579,False,2018-02-02,04:56:25,04,25,56
1298,183767696,7177.8,0.00768225,True,2018-02-02,04:56:25,04,25,56
1299,183767703,7185.6,0.14400000000000002,True,2018-02-02,04:56:25,04,25,56
1300,183767705,7177.8,0.456,True,2018-02-02,04:56:25,04,25,56
1301,183767796,7186.4,1.49282189,True,2018-02-02,04:56:25,04,25,56
1302,183767692,7177.8,0.897,True,2018-02-02,04:56:25,04,25,56
1303,183767934,7177.1,0.17643399,True,2018-02-02,04:56:27,04,27,56
1304,183767910,7177.8,0.31573815,True,2018-02-02,04:56:27,04,27,56
1305,183767924,7186.3261373999985,0.6,False,2018-02-02,04:56:27,04,27,56
1306,183767931,7177.1,0.3290721,True,2018-02-02,04:56:27,04,27,56
1307,183767912,7177.1,0.1191077,True,2018-02-02,04:56:27,04,27,56
1308,183767929,7177.1,0.04171483,True,2018-02-02,04:56:27,04,27,56
1309,183767964,7178.0,0.7905,True,2018-02-02,04:56:28,04,28,56
1310,183767943,7177.1,0.34365878,True,2018-02-02,04:56:28,04,28,56
1311,183767966,7178.0,0.7905,True,2018-02-02,04:56:28,04,28,56
1312,183767968,7177.1,0.25726908,True,2018-02-02,04:56:28,04,28,56
1313,183767945,7177.1,1.51073092,True,2018-02-02,04:56:28,04,28,56
1314,183768158,7181.0,0.00880005,True,2018-02-02,04:56:32,04,32,56
1315,183768163,7181.0,0.01727884,True,2018-02-02,04:56:32,04,32,56
1316,183768140,7183.2872849999985,0.27499602,False,2018-02-02,04:56:32,04,32,56
1317,183768151,7181.0,0.02251893,True,2018-02-02,04:56:32,04,32,56
1318,183768193,7196.3,0.5994,False,2018-02-02,04:56:33,04,33,56
1319,183768224,7181.7678588,0.5,False,2018-02-02,04:56:33,04,33,56
1320,183768226,7181.7678588,0.17657281,False,2018-02-02,04:56:33,04,33,56
1321,183768222,7181.7678588,0.15137556,False,2018-02-02,04:56:33,04,33,56
1322,183768262,7185.6064092,0.081,False,2018-02-02,04:56:34,04,34,56
1323,183768247,7181.048130600001,0.10357027,False,2018-02-02,04:56:34,04,34,56
1324,183768252,7183.2073151999975,0.23492693,False,2018-02-02,04:56:34,04,34,56
1325,183768233,7181.0,0.03240218,True,2018-02-02,04:56:34,04,34,56
1326,183768245,7181.048130600001,0.02850276,False,2018-02-02,04:56:34,04,34,56
1327,183768235,7181.0,0.53864588,True,2018-02-02,04:56:34,04,34,56
1328,183768250,7181.7678588,0.22342719,False,2018-02-02,04:56:34,04,34,56
1329,183768304,7193.8,0.13194096,False,2018-02-02,04:56:36,04,36,56
1330,183768672,7182.2,0.37249352,True,2018-02-02,04:56:45,04,45,56
1331,183769087,7181.28804,0.5,False,2018-02-02,04:56:59,04,59,56
1332,183769307,7187.0,0.01607467,True,2018-02-02,04:57:17,04,17,57
1333,183769581,7186.9658958,0.01607145,False,2018-02-02,04:57:30,04,30,57
1334,183769665,7186.9658958,0.5,False,2018-02-02,04:57:33,04,33,57
1335,183769755,7186.1661978,0.4,False,2018-02-02,04:57:38,04,38,57
1336,183770221,7187.685624,0.22750648,False,2018-02-02,04:57:57,04,57,57
1337,183771112,7199.7,0.32525126,True,2018-02-02,04:58:28,04,28,58
1338,183771184,7201.0,0.05384045,True,2018-02-02,04:58:29,04,29,58
1339,183771204,7201.0,0.24615955,True,2018-02-02,04:58:30,04,30,58
1340,183772211,7213.275959999999,0.34541001,False,2018-02-02,04:59:12,04,12,59
1341,183772225,7213.275959999999,0.2064658,False,2018-02-02,04:59:12,04,12,59
1342,183773485,7237.0,3.27030699,True,2018-02-02,05:00:18,05,18,00
1343,183773489,7237.0,1.0,True,2018-02-02,05:00:18,05,18,00
1344,183773494,7237.0,0.48947006,True,2018-02-02,05:00:18,05,18,00
1345,183773516,7237.0,0.1,True,2018-02-02,05:00:19,05,19,00
1346,183773528,7237.0,0.09,True,2018-02-02,05:00:20,05,20,00
1347,183773543,7237.0,0.10522295,True,2018-02-02,05:00:21,05,21,00
1348,183773697,7237.746718800001,0.50199656,False,2018-02-02,05:00:30,05,30,00
1349,183773704,7237.9066583999975,0.004,False,2018-02-02,05:00:30,05,30,00
1350,183773676,7236.0,3.474,True,2018-02-02,05:00:30,05,30,00
1351,183773706,7237.9866282,0.38499656,False,2018-02-02,05:00:30,05,30,00
1352,183773691,7237.2669,0.92199656,False,2018-02-02,05:00:30,05,30,00
1353,183773702,7237.746718800001,0.4,False,2018-02-02,05:00:30,05,30,00
1354,183773708,7237.9866282,0.21500344,False,2018-02-02,05:00:30,05,30,00
1355,183773700,7237.746718800001,0.07800344,False,2018-02-02,05:00:30,05,30,00
1356,183773680,7237.2669,0.7895,False,2018-02-02,05:00:30,05,30,00
1357,183773712,7238.066598,0.06699656,False,2018-02-02,05:00:30,05,30,00
1358,183773682,7237.2669,0.58,False,2018-02-02,05:00:30,05,30,00
1359,183773710,7237.9866282,0.4,False,2018-02-02,05:00:30,05,30,00
1360,183773695,7237.2669,0.07800344,False,2018-02-02,05:00:30,05,30,00
1361,183773689,7237.2669,0.26000344,False,2018-02-02,05:00:30,05,30,00
1362,183773725,7241.5052994000025,0.00273817,False,2018-02-02,05:00:31,05,31,00
1363,183773733,7244.464182,0.00707195,False,2018-02-02,05:00:31,05,31,00
1364,183773715,7238.066598,0.03100344,False,2018-02-02,05:00:31,05,31,00
1365,183773746,7247.1031854,0.2424427,False,2018-02-02,05:00:31,05,31,00
1366,183773721,7240.465692,0.1998,False,2018-02-02,05:00:31,05,31,00
1367,183773723,7240.7056014,0.00498644,False,2018-02-02,05:00:31,05,31,00
1368,183773719,7238.866295999997,0.1998,False,2018-02-02,05:00:31,05,31,00
1369,183773717,7238.066598,0.002,False,2018-02-02,05:00:31,05,31,00
1370,183773729,7243.664484000001,0.02,False,2018-02-02,05:00:31,05,31,00
1371,183773727,7242.145057800001,0.1998,False,2018-02-02,05:00:31,05,31,00
1372,183773731,7243.7444538,0.1998,False,2018-02-02,05:00:31,05,31,00
1373,183773742,7246.9432458,0.3472573,False,2018-02-02,05:00:31,05,31,00
1374,183773744,7247.0232156,0.1998,False,2018-02-02,05:00:31,05,31,00
1375,183773757,7237.0,0.92656071,True,2018-02-02,05:00:32,05,32,00
1376,183774250,7237.2669,0.02504062,True,2018-02-02,05:01:07,05,07,01
1377,183774246,7239.0,0.3,True,2018-02-02,05:01:07,05,07,01
1378,183774251,7237.0,0.3,True,2018-02-02,05:01:07,05,07,01
1379,183774253,7234.9477758,0.6655,True,2018-02-02,05:01:07,05,07,01
1380,183774248,7237.3468698,0.60616575,True,2018-02-02,05:01:07,05,07,01
1381,183774255,7234.867806,1.67130363,True,2018-02-02,05:01:07,05,07,01
1382,183774291,7238.0,0.3,True,2018-02-02,05:01:08,05,08,01
1383,183774337,7233.0,0.202,True,2018-02-02,05:01:08,05,08,01
1384,183774331,7233.0,0.098,True,2018-02-02,05:01:08,05,08,01
1385,183774503,7225.0,0.3,True,2018-02-02,05:01:13,05,13,01
1386,183774820,7215.8,0.01680668,True,2018-02-02,05:01:23,05,23,01
1387,183774823,7215.8,0.08319332,True,2018-02-02,05:01:23,05,23,01
1388,183774956,7199.2,0.9972,True,2018-02-02,05:01:27,05,27,01
1389,183774960,7199.2,0.0028,True,2018-02-02,05:01:27,05,27,01
1390,183775005,7202.0002182,0.5,False,2018-02-02,05:01:28,05,28,01
1391,183775009,7202.080188,4.39071536,False,2018-02-02,05:01:28,05,28,01
1392,183775007,7202.0002182,0.19648464,False,2018-02-02,05:01:28,05,28,01
1393,183775235,7188.5,1.0,True,2018-02-02,05:01:33,05,33,01
1394,183775401,7188.4,1.0,True,2018-02-02,05:01:40,05,40,01
1395,183775461,7193.80399938,0.002,False,2018-02-02,05:01:43,05,43,01
1396,183775715,7194.50443793,0.194054,False,2018-02-02,05:01:58,05,58,01
1397,183775712,7193.90406204,0.1,False,2018-02-02,05:01:58,05,58,01
1398,183775710,7193.80399938,0.061274,False,2018-02-02,05:01:58,05,58,01
1399,183775851,7185.5,0.1,True,2018-02-02,05:02:03,05,03,02
1400,183775901,7184.9,0.02497801,False,2018-02-02,05:02:05,05,05,02
1401,183776130,7193.3,0.56894448,False,2018-02-02,05:02:20,05,20,02
1402,183776126,7193.3,0.00585,False,2018-02-02,05:02:20,05,20,02
1403,183776430,7181.2,0.028,True,2018-02-02,05:02:42,05,42,02
1404,183776428,7181.3,0.004,True,2018-02-02,05:02:42,05,42,02
1405,183776585,7174.5,0.006,True,2018-02-02,05:02:59,05,59,02
1406,183776860,7156.019617199999,0.08,False,2018-02-02,05:03:17,05,17,03
1407,183776855,7156.019617199999,0.08749783,False,2018-02-02,05:03:17,05,17,03
1408,183776922,7156.3,0.18550736,True,2018-02-02,05:03:25,05,25,03
1409,183776994,7169.943079800001,0.02,True,2018-02-02,05:03:33,05,33,03
1410,183777011,7179.3,0.35283769,False,2018-02-02,05:03:34,05,34,03
1411,183777505,7193.0,0.4,False,2018-02-02,05:04:06,05,06,04
1412,183777603,7199.0,0.4,False,2018-02-02,05:04:09,05,09,04
1413,183777647,7194.0,0.002,False,2018-02-02,05:04:10,05,10,04
1414,183777652,7194.0,0.1,False,2018-02-02,05:04:10,05,10,04
1415,183777660,7194.0,0.002,False,2018-02-02,05:04:10,05,10,04
1416,183777688,7194.0,0.1,False,2018-02-02,05:04:11,05,11,04
1417,183777690,7194.0,1.1151,False,2018-02-02,05:04:11,05,11,04
1418,183777679,7194.0,0.002,False,2018-02-02,05:04:11,05,11,04
1419,183777697,7194.0,1.5512,False,2018-02-02,05:04:11,05,11,04
1420,183777745,7200.0,0.002,False,2018-02-02,05:04:12,05,12,04
1421,183777739,7200.0,2.67206,False,2018-02-02,05:04:12,05,12,04
1422,183777790,7200.0,0.91354,False,2018-02-02,05:04:13,05,13,04
1423,183777778,7200.0,0.002,False,2018-02-02,05:04:13,05,13,04
1424,183777918,7204.0,0.15735245,False,2018-02-02,05:04:17,05,17,04
1425,183777922,7204.0,0.002,False,2018-02-02,05:04:18,05,18,04
1426,183777952,7201.5509403,0.01220821,True,2018-02-02,05:04:19,05,19,04
1427,183777950,7201.791,0.02872565,True,2018-02-02,05:04:19,05,19,04
1428,183777946,7201.791,0.11755722,True,2018-02-02,05:04:19,05,19,04
1429,183777948,7201.791,0.05305117,True,2018-02-02,05:04:19,05,19,04
1430,183777961,7198.0,0.1,False,2018-02-02,05:04:20,05,20,04
1431,183778032,7198.0,0.49266665,False,2018-02-02,05:04:25,05,25,04
1432,183778938,7189.707995100001,0.4,False,2018-02-02,05:05:43,05,43,05
1433,183778952,7182.8,0.05911,True,2018-02-02,05:05:43,05,43,05
1434,183778942,7195.2293682,0.19817314,False,2018-02-02,05:05:43,05,43,05
1435,183778943,7197.6,0.2,True,2018-02-02,05:05:43,05,43,05
1436,183778929,7182.8,0.04089,True,2018-02-02,05:05:43,05,43,05
1437,183778949,7197.6,0.69814686,True,2018-02-02,05:05:43,05,43,05
1438,183778940,7194.5892090000025,0.04103,False,2018-02-02,05:05:43,05,43,05
1439,183778932,7188.187617000001,0.2,False,2018-02-02,05:05:43,05,43,05
1440,183778934,7188.907796100001,0.57,False,2018-02-02,05:05:43,05,43,05
1441,183778936,7188.987816,0.13895,False,2018-02-02,05:05:43,05,43,05
1442,183779272,7184.5,0.02663762,False,2018-02-02,05:06:07,05,07,06
1443,183779274,7184.5067016,0.10064524,False,2018-02-02,05:06:07,05,07,06
1444,183779233,7184.986821,0.03464885,True,2018-02-02,05:06:07,05,07,06
1445,183779278,7184.6,0.1,True,2018-02-02,05:06:08,05,08,06
1446,183779571,7171.7,0.19279301,True,2018-02-02,05:06:37,05,37,06
1447,183779565,7176.0,0.4,True,2018-02-02,05:06:37,05,37,06
1448,183779569,7173.0,0.3,True,2018-02-02,05:06:37,05,37,06
1449,183779611,7189.7,0.07583747,False,2018-02-02,05:06:39,05,39,06
1450,183779663,7170.8,0.06204908,True,2018-02-02,05:06:42,05,42,06
1451,183779689,7170.8,0.02808905,True,2018-02-02,05:06:45,05,45,06
1452,183779691,7170.8,0.35854377,True,2018-02-02,05:06:45,05,45,06
1453,183780405,7162.0,0.4,True,2018-02-02,05:08:28,05,28,08
1454,183780400,7165.0,0.3,True,2018-02-02,05:08:28,05,28,08
1455,183780390,7169.3,0.1,True,2018-02-02,05:08:28,05,28,08
1456,183780392,7169.0,0.4,True,2018-02-02,05:08:28,05,28,08
1457,183780599,7163.0,5.3236,True,2018-02-02,05:08:35,05,35,08
1458,183780603,7159.0,6.6549,True,2018-02-02,05:08:35,05,35,08
1459,183780742,7157.0,0.32542001,True,2018-02-02,05:08:40,05,40,08
1460,183780748,7157.0,0.635012,True,2018-02-02,05:08:40,05,40,08
1461,183780752,7157.0,0.04573243,True,2018-02-02,05:08:40,05,40,08
1462,183780901,7144.0,0.3,True,2018-02-02,05:08:49,05,49,08
1463,183780908,7139.0,0.3,True,2018-02-02,05:08:49,05,49,08
1464,183781342,7151.4584829,0.00685,False,2018-02-02,05:09:13,05,13,09
1465,183782002,7138.2,0.00193686,False,2018-02-02,05:09:51,05,51,09
1466,183781985,7138.2,0.10111358,False,2018-02-02,05:09:51,05,51,09
1467,183782366,7124.971895999999,0.0114,True,2018-02-02,05:10:16,05,16,10
1468,183782641,7123.0,0.09162715,False,2018-02-02,05:10:51,05,51,10
1469,183783037,7146.0,0.4,False,2018-02-02,05:11:35,05,35,11
1470,183783102,7146.0,0.5,True,2018-02-02,05:11:53,05,53,11
1471,183783399,7135.5,0.10305044,True,2018-02-02,05:12:49,05,49,12
1472,183783495,7125.0,0.4,True,2018-02-02,05:13:14,05,14,13
1473,183783643,7113.0,0.4,True,2018-02-02,05:13:37,05,37,13
1474,183783679,7130.973388500001,1.99834142,False,2018-02-02,05:13:40,05,40,13
1475,183783671,7129.773090000002,0.49305065,False,2018-02-02,05:13:40,05,40,13
1476,183783669,7129.0529109,1.0,False,2018-02-02,05:13:40,05,40,13
1477,183783675,7130.2532094,0.003,False,2018-02-02,05:13:40,05,40,13
1478,183783673,7129.853109899997,0.015,False,2018-02-02,05:13:40,05,40,13
1479,183783677,7130.973388500001,0.5,False,2018-02-02,05:13:40,05,40,13
1480,183783915,7129.8,0.2,True,2018-02-02,05:14:30,05,30,14
1481,183783878,7129.773090000002,0.4278,False,2018-02-02,05:14:30,05,30,14
1482,183784174,7155.0,0.3,False,2018-02-02,05:14:50,05,50,14
1483,183784185,7158.0,0.08459739999999999,False,2018-02-02,05:14:51,05,51,14
1484,183784289,7157.0,0.27227842,False,2018-02-02,05:15:06,05,06,15
1485,183784323,7132.0,0.32307774,True,2018-02-02,05:15:07,05,07,15
1486,183784319,7136.0,0.3,True,2018-02-02,05:15:07,05,07,15
1487,183784562,7153.619020199999,0.016,True,2018-02-02,05:15:48,05,48,15
1488,183784754,7152.0,0.08274683,False,2018-02-02,05:16:16,05,16,16
1489,183784757,7152.0,0.0559,False,2018-02-02,05:16:16,05,16,16
1490,183784785,7155.0,0.0567697,False,2018-02-02,05:16:24,05,24,16
1491,183784788,7155.0,0.2798,False,2018-02-02,05:16:24,05,24,16
1492,183784791,7155.0,0.0634303,False,2018-02-02,05:16:25,05,25,16
1493,183785020,7175.9,0.145,False,2018-02-02,05:16:55,05,55,16
1494,183785012,7175.9,0.07178616,False,2018-02-02,05:16:55,05,55,16
1495,183785016,7175.9,0.1,False,2018-02-02,05:16:55,05,55,16
1496,183785026,7175.9,0.133,False,2018-02-02,05:16:55,05,55,16
1497,183785262,7186.8,0.14448796,True,2018-02-02,05:17:19,05,19,17
1498,183785309,7198.4,0.2787018,False,2018-02-02,05:17:22,05,22,17
1499,183785458,7200.0,0.59401309,False,2018-02-02,05:17:29,05,29,17
1500,183785446,7200.0,0.00810007,False,2018-02-02,05:17:29,05,29,17
1501,183785461,7200.0,1.58571,False,2018-02-02,05:17:30,05,30,17
1502,183785606,7201.791,0.6,False,2018-02-02,05:17:37,05,37,17
1503,183785874,7222.0,0.03,False,2018-02-02,05:17:58,05,58,17
1504,183785890,7222.0,0.0624,False,2018-02-02,05:17:58,05,58,17
1505,183785867,7222.0,2.0,False,2018-02-02,05:17:58,05,58,17
1506,183785901,7221.0,0.6,False,2018-02-02,05:17:58,05,58,17
1507,183785881,7222.0,0.1,False,2018-02-02,05:17:58,05,58,17
1508,183785877,7209.1528308,0.0048,True,2018-02-02,05:17:58,05,58,17
1509,183785900,7222.8362337,0.7336,True,2018-02-02,05:17:58,05,58,17
1510,183785862,7222.0,0.6781,False,2018-02-02,05:17:58,05,58,17
1511,183785904,7209.8,0.04,True,2018-02-02,05:17:59,05,59,17
1512,183785929,7221.0,0.04530578,False,2018-02-02,05:17:59,05,59,17
1513,183785994,7220.0,0.0746,False,2018-02-02,05:18:04,05,04,18
1514,183786008,7220.0,0.0665,False,2018-02-02,05:18:05,05,05,18
1515,183786004,7220.0,0.2216,False,2018-02-02,05:18:05,05,05,18
1516,183786017,7220.0,1.1082,False,2018-02-02,05:18:05,05,05,18
1517,183786000,7220.0,0.0121,False,2018-02-02,05:18:05,05,05,18
1518,183786002,7220.0,0.0443,False,2018-02-02,05:18:05,05,05,18
1519,183786015,7220.0,0.024,False,2018-02-02,05:18:05,05,05,18
1520,183786006,7220.0,0.0554,False,2018-02-02,05:18:05,05,05,18
1521,183786011,7220.0,0.0419,False,2018-02-02,05:18:05,05,05,18
1522,183786025,7220.0,0.1108,False,2018-02-02,05:18:06,05,06,18
1523,183786218,7230.2,0.5994,False,2018-02-02,05:18:21,05,21,18
